@conference{rocks,
  author  = "Sacerdoti, FD and Chandra, S and Bhatia K",
  title   = "{Grid Systems Deployment and Management Using Rocks}",
  year    = "2004",
  booktitle = "IEEE International Conference on Cluster Computing",
  address = "San Diego"
}

@article{baxter,
  author  = "Baxter, SM and Day, SW and Fetrow, JS and Reisinger, SJ",
  title   = "{Scientific software development is not an oxymoron.}",
  year    = "2006",
  journal = "PLoS Comput Biol",
  volume  = "2",
  number  = "9",
  pages   = "e87"
}

@article{ncbo,
  author  = "Rubin, DL and Lewis, SE and Mungall, CJ and Misra, S and Westerfield, M and Ashburner, M and Sim, I and Chute, CG and Solbrig, H and Storey, MA and Smith, B and Day-Richter, J and Noy, NF and Musen, MA",
  title   = "{National Center for Biomedical Ontology: advancing biomedicine through structured organization of scientific knowledge.}",
  year    = "2006",
  journal = "OMICS",
  volume  = "10",
  number  = "2",
  pages   = "185-98"
}

@article{blast,
  author  = "McGinnis, S and Madden, TL",
  title   = "{BLAST: at the core of a powerful and diverse set of sequence analysis tools.}",
  year    = "2004",
  journal = "Nucleic Acids Res",
  volume  = "32",
  number  = "Web Server issue",
  pages   = "W20-5"
}

@article{textpresso,
  author  = "Chen, D and Müller, HM and Sternberg, PW",
  title   = "{Automatic document classification of biological literature.}",
  year    = "2006",
  journal = "BMC Bioinformatics",
  volume  = "7",
  number  = "",
  pages   = "370"
}

@article{emboss,
  author  = "Rice, P and Longden, I and Bleasby, A",
  title   = "{EMBOSS: the European Molecular Biology Open Software Suite.}",
  year    = "2000",
  journal = "Trends Genet",
  volume  = "16",
  number  = "6",
  pages   = "276-7"
}

@unpublished{latinsquare,
    title="Affymetrix - Latin Square Data",
    note="http://www.affymetrix.com/support/technical/sample\_data/datasets.affx"
}

@unpublished{herrold,
    author="Herrold, RP",
    title="RPM Package Manager",
    year="1997",
    note="http://www.rpm.org/"
}

@article{keates,
    author  = "Keates, S and Clarkson, PJ",
    title   = "Combining utility, usability and accessibility methods for universal access",
    year    = "2001",
    journal = "ACM CHI Workshop on Universal Design, Seattle"
}

@article{bioperl,
  author="Stajich, JE and Block, D and Boulez, K and Brenner, SE and Chervitz, SA and Dagdigian, C and Fuellen, G and Gilbert, JG and Korf, I and Lapp, H and Lehvaslaiho, H and Matsalla, C and Mungall, CJ and Osborne, BI and Pocock, MR and Schattner, P and Senger, M and Stein, LD and Stupka, E and Wilkinson, MD and Birney, E",
  title="The Bioperl Toolkit: Perl modules for the life sciences.",
  year="2002",
  journal="Genome Res",
  volume="12",
  number="10",
  pages="1611-8",
}

@article{blat,
  author="Kent, WJ",
  title="BLAT -- the BLAST-like alignment tool.",
  year="2002",
  journal="Genome Res",
  volume="12",
  number="4",
  pages="656-64",
}

@article{bioconductor,
  author="Gentleman, RC and Carey, VJ and Bates, DM and Bolstad, B and Dettling, M and Dudoit, S and Ellis, B and Gautier, L and Ge, Y and Gentry, J and Hornik, K and Hothorn, T and Huber, W and Iacus, S and Irizarry, R and Leisch, F and Li, C and Maechler, M and Rossini, JA and Sawitzki, G and Smith, C and Smyth, C and Smyth, G and Tierney, L and Yang, JY and Zhang, J",
  title="Bioconductor: open source development for computational biology and bioinformatics.",
  year="2004",
  journal="Genome Biol",
  volume="5",
  number="10",
  pages="R80",
}

@article{gbrowse,
  author="Stein, LD and Mungall, C and Shu, S and Caudy, M and Mangone, M and Day, A and Nickerson, E and Stajich, JE and Harris, TW and Arva, A and Lewis, S",
  title="The generic genome browser: a building block for a model organism system database.",
  year="2002",
  journal="Genome Res",
  volume="12",
  number="10",
  pages="1599-610"
}

@unpublished{osi,
    title="Open Source Initiative - Licensing",
    note="http://www.opensource.org/licenses/index.php"
}

@article{couch,
    author="Couch, Alva",
    title="SLINK: Effective Filesystem Maintenance Abstractions for Community-Based Administration",
    year="1996",
    journal="Proceedings LISA San Diego, CA",
}

@unpublished{vidal,
    author="Vidal, Seth",
    title="Yellow dog Updater, Modified (YUM) Project",
    year="2003",
    note="http://linux.duke.edu/projects/yum/"
}

@unpublished{bodnar,
    author="Bodnar, Ladislav",
    title="Is RPM Doomed?",
    year="2002",
    note="http://www.distrowatch.com/article-rpm.php"
}

@unpublished{hess,
    author="Hess, Joey",
    title="A comparison of the deb, rpm, tgz, slp, and pkg package formats",
    year="1998",
    note="http://www.kitenet.net/~joey/pkg-comp/"
}

@article{nation,
    author="Stein, Lincoln",
    title="Creating a bioinformatics nation",
    year="2002",
    journal="Nature",
    volume="417",
    pages="119-120"
}

@article{soap,
    author="Pillai, S and Silventoinen, K and Kallio, M and Senger, S and Sobhany, J and Tate, S andVelankar, S and Golovin, A and Henrick, K and Rice, P and Stoehr, P and Lopez, R",
    title="SOAP-based services provided by the European Bioinformatics Institute",
    year="2005",
    journal="Nucleic Acids Res",
    volume="33",
    pages="W25-W28"
}

@article{epcr,
  author  = "Schuler, GD",
  title   = "{Sequence mapping by electronic PCR.}",
  year    = "1997",
  journal = "Genome Res",
  volume  = "7",
  number  = "5",
  pages   = "541-50"
}

@unpublished{gmodweb,
    author="O'Connor, BD and Day, A and Cain, S and Arnaiz, O and Sperling, L and Stein, LD",
    title="GMODWeb: A Web Framework for the\\Generic Model Organisms Database",
    year="2007",
    note="http://turnkey.sf.net"
}
