@article{
14,
   Author = {Anfinsen, C. B. and Haber, E.},
   Title = {Studies on the reduction and re-formation of protein disulfide bonds},
   Journal = {The Journal of biological chemistry},
   Volume = {236},
   Pages = {1361-3},
   Year = {1961} }



@article{
13,
   Author = {Anfinsen, C. B. and Haber, E. and Sela, M. and White, F. H., Jr.},
   Title = {The kinetics of formation of native ribonuclease during oxidation of the reduced polypeptide chain},
   Journal = {Proceedings of the National Academy of Sciences of the United States of America},
   Volume = {47},
   Pages = {1309-14},
   Year = {1961} }



@article{
132,
   Author = {Appleby, T. C. and Mathews, II and Porcelli, M. and Cacciapuoti, G. and Ealick, S. E.},
   Title = {Three-dimensional structure of a hyperthermophilic 5'-deoxy-5'-methylthioadenosine phosphorylase from Sulfolobus solfataricus},
   Journal = {The Journal of biological chemistry},
   Volume = {276},
   Number = {42},
   Pages = {39232-42},
   Year = {2001} }



@article{
11,
   Author = {Aslund, F. and Berndt, K. D. and Holmgren, A.},
   Title = {Redox potentials of glutaredoxins and other thiol-disulfide oxidoreductases of the thioredoxin superfamily determined by direct protein-protein redox equilibria},
   Journal = {The Journal of biological chemistry},
   Volume = {272},
   Number = {49},
   Pages = {30780-6},
   Year = {1997} }



@article{
47,
   Author = {Aslund, F. and Ehn, B. and Miranda-Vizuete, A. and Pueyo, C. and Holmgren, A.},
   Title = {Two additional glutaredoxins exist in Escherichia coli: glutaredoxin 3 is a hydrogen donor for ribonucleotide reductase in a thioredoxin/glutaredoxin 1 double mutant},
   Journal = {Proceedings of the National Academy of Sciences of the United States of America},
   Volume = {91},
   Number = {21},
   Pages = {9813-7},
   Year = {1994} }



@article{
87,
   Author = {Bader, M. and Muse, W. and Ballou, D. P. and Gassner, C. and Bardwell, J. C.},
   Title = {Oxidative protein folding is driven by the electron transport system},
   Journal = {Cell},
   Volume = {98},
   Number = {2},
   Pages = {217-27},
   Year = {1999} }



@article{
70,
   Author = {Bader, M. W. and Hiniker, A. and Regeimbal, J. and Goldstone, D. and Haebel, P. W. and Riemer, J. and Metcalf, P. and Bardwell, J. C.},
   Title = {Turning a disulfide isomerase into an oxidase: DsbC mutants that imitate DsbA},
   Journal = {The EMBO journal},
   Volume = {20},
   Number = {7},
   Pages = {1555-62},
   Year = {2001} }



@article{
88,
   Author = {Bader, M. W. and Xie, T. and Yu, C. A. and Bardwell, J. C.},
   Title = {Disulfide bonds are generated by quinone reduction},
   Journal = {The Journal of biological chemistry},
   Volume = {275},
   Number = {34},
   Pages = {26082-8},
   Year = {2000} }



@article{
18,
   Author = {Bardwell, J. C. and Beckwith, J.},
   Title = {The bonds that tie: catalyzed disulfide bond formation},
   Journal = {Cell},
   Volume = {74},
   Number = {5},
   Pages = {769-71},
   Year = {1993} }



@article{
53,
   Author = {Bardwell, J. C. and Lee, J. O. and Jander, G. and Martin, N. and Belin, D. and Beckwith, J.},
   Title = {A pathway for disulfide bond formation in vivo},
   Journal = {Proceedings of the National Academy of Sciences of the United States of America},
   Volume = {90},
   Number = {3},
   Pages = {1038-42},
   Year = {1993} }



@article{
52,
   Author = {Bardwell, J. C. and McGovern, K. and Beckwith, J.},
   Title = {Identification of a protein required for disulfide bond formation in vivo},
   Journal = {Cell},
   Volume = {67},
   Number = {3},
   Pages = {581-9},
   Year = {1991} }



@article{
123,
   Author = {Betz, S. F.},
   Title = {Disulfide bonds and the stability of globular proteins},
   Journal = {Protein science},
   Volume = {2},
   Number = {10},
   Pages = {1551-8},
   Year = {1993} }



@article{
114,
   Author = {Bogin, O. and Peretz, M. and Hacham, Y. and Korkhin, Y. and Frolow, F. and Kalb, A. J. and Burstein, Y.},
   Title = {Enhanced thermal stability of Clostridium beijerinckii alcohol dehydrogenase after strategic substitution of amino acid residues with prolines from the homologous thermophilic Thermoanaerobacter brockii alcohol dehydrogenase},
   Journal = {Protein science},
   Volume = {7},
   Number = {5},
   Pages = {1156-63},
   Year = {1998} }



@article{
1,
   Author = {Brock, T. D. and Freeze, H.},
   Title = {Thermus aquaticus gen. n. and sp. n., a nonsporulating extreme thermophile},
   Journal = {Journal of bacteriology},
   Volume = {98},
   Number = {1},
   Pages = {289-97},
   Year = {1969} }



@article{
28,
   Author = {Bryk, R. and Lima, C. D. and Erdjument-Bromage, H. and Tempst, P. and Nathan, C.},
   Title = {Metabolic enzymes of mycobacteria linked to antioxidant defense by a thioredoxin-like protein},
   Journal = {Science},
   Volume = {295},
   Number = {5557},
   Pages = {1073-7},
   Year = {2002} }



@article{
49,
   Author = {Bushweller, J. H. and Aslund, F. and Wuthrich, K. and Holmgren, A.},
   Title = {Structural and functional characterization of the mutant Escherichia coli glutaredoxin (C14----S) and its mixed disulfide with glutathione},
   Journal = {Biochemistry},
   Volume = {31},
   Number = {38},
   Pages = {9288-93},
   Year = {1992} }



@article{
133,
   Author = {Cacciapuoti, G. and Porcelli, M. and Bertoldo, C. and De Rosa, M. and Zappia, V.},
   Title = {Purification and characterization of extremely thermophilic and thermostable 5'-methylthioadenosine phosphorylase from the archaeon Sulfolobus solfataricus. Purine nucleoside phosphorylase activity and evidence for intersubunit disulfide bonds},
   Journal = {The Journal of biological chemistry},
   Volume = {269},
   Number = {40},
   Pages = {24762-9},
   Year = {1994} }



@article{
5,
   Author = {Chaban, B. and Ng, S. Y. and Jarrell, K. F.},
   Title = {Archaeal habitats--from the extreme to the ordinary},
   Journal = {Canadian journal of microbiology},
   Volume = {52},
   Number = {2},
   Pages = {73-116},
   Year = {2006} }



@article{
31,
   Author = {Chakravarthi, S. and Jessop, C. E. and Bulleid, N. J.},
   Title = {The role of glutathione in disulphide bond formation and endoplasmic-reticulum-generated oxidative stress},
   Journal = {EMBO reports},
   Volume = {7},
   Number = {3},
   Pages = {271-5},
   Year = {2006} }



@article{
67,
   Author = {Chen, J. and Song, J. L. and Zhang, S. and Wang, Y. and Cui, D. F. and Wang, C. C.},
   Title = {Chaperone activity of DsbC},
   Journal = {The Journal of biological chemistry},
   Volume = {274},
   Number = {28},
   Pages = {19601-5},
   Year = {1999} }



@article{
138,
   Author = {Chi, Y. I. and Martinez-Cruz, L. A. and Jancarik, J. and Swanson, R. V. and Robertson, D. E. and Kim, S. H.},
   Title = {Crystal structure of the beta-glycosidase from the hyperthermophile Thermosphaera aggregans: insights into its activity and thermostability},
   Journal = {FEBS letters},
   Volume = {445},
   Number = {2-3},
   Pages = {375-83},
   Year = {1999} }



@article{
122,
   Author = {Chuang, C. C. and Chen, C. Y. and Yang, J. M. and Lyu, P. C. and Hwang, J. K.},
   Title = {Relationship between protein structures and disulfide-bonding patterns},
   Journal = {Proteins},
   Volume = {53},
   Number = {1},
   Pages = {1-5},
   Year = {2003} }



@article{
75,
   Author = {Chung, J. and Chen, T. and Missiakas, D.},
   Title = {Transfer of electrons across the cytoplasmic membrane by DsbD, a membrane protein involved in thiol-disulphide exchange and protein folding in the bacterial periplasm},
   Journal = {Molecular microbiology},
   Volume = {35},
   Number = {5},
   Pages = {1099-109},
   Year = {2000} }



@article{
109,
   Author = {Collet, J. F. and Bardwell, J. C.},
   Title = {Disulfides out of thin air},
   Journal = {Nature structural biology},
   Volume = {9},
   Number = {1},
   Pages = {2-3},
   Year = {2002} }



@article{
51,
   Author = {Collet, J. F. and Bardwell, J. C.},
   Title = {Oxidative protein folding in bacteria},
   Journal = {Molecular microbiology},
   Volume = {44},
   Number = {1},
   Pages = {1-8},
   Year = {2002} }



@article{
39,
   Author = {Collet, J. F. and D'Souza, J. C. and Jakob, U. and Bardwell, J. C.},
   Title = {Thioredoxin 2, an oxidative stress-induced protein, contains a high affinity zinc binding site},
   Journal = {The Journal of biological chemistry},
   Volume = {278},
   Number = {46},
   Pages = {45325-32},
   Year = {2003} }



@article{
82,
   Author = {Collet, J. F. and Riemer, J. and Bader, M. W. and Bardwell, J. C.},
   Title = {Reconstitution of a disulfide isomerization system},
   Journal = {The Journal of biological chemistry},
   Volume = {277},
   Number = {30},
   Pages = {26886-92},
   Year = {2002} }



@article{
125,
   Author = {Cooper, A. and Eyles, S. J. and Radford, S. E. and Dobson, C. M.},
   Title = {Thermodynamic consequences of the removal of a disulphide bridge from hen lysozyme},
   Journal = {Journal of molecular biology},
   Volume = {225},
   Number = {4},
   Pages = {939-43},
   Year = {1992} }



@article{
78,
   Author = {Crooke, H. and Cole, J.},
   Title = {The biogenesis of c-type cytochromes in Escherichia coli requires a membrane-bound protein, DipZ, with a protein disulphide isomerase-like domain},
   Journal = {Molecular microbiology},
   Volume = {15},
   Number = {6},
   Pages = {1139-50},
   Year = {1995} }



@article{
98,
   Author = {Darby, N. J. and Penka, E. and Vincentelli, R.},
   Title = {The multi-domain structure of protein disulfide isomerase is essential for high catalytic efficiency},
   Journal = {Journal of molecular biology},
   Volume = {276},
   Number = {1},
   Pages = {239-47},
   Year = {1998} }



@article{
73,
   Author = {Darby, N. J. and Raina, S. and Creighton, T. E.},
   Title = {Contributions of substrate binding to the catalytic activity of DsbC},
   Journal = {Biochemistry},
   Volume = {37},
   Number = {3},
   Pages = {783-91},
   Year = {1998} }



@article{
16,
   Author = {De Lorenzo, F. and Goldberger, R. F. and Steers, E., Jr. and Givol, D. and Anfinsen, B.},
   Title = {Purification and properties of an enzyme from beef liver which catalyzes sulfhydryl-disulfide interchange in proteins},
   Journal = {The Journal of biological chemistry},
   Volume = {241},
   Number = {7},
   Pages = {1562-7},
   Year = {1966} }



@article{
140,
   Author = {DeDecker, B. S. and O'Brien, R. and Fleming, P. J. and Geiger, J. H. and Jackson, S. P. and Sigler, P. B.},
   Title = {The crystal structure of a hyperthermophilic archaeal TATA-box binding protein},
   Journal = {Journal of molecular biology},
   Volume = {264},
   Number = {5},
   Pages = {1072-84},
   Year = {1996} }



@article{
6,
   Author = {Deming, J. W.},
   Title = {Psychrophiles and polar regions},
   Journal = {Current opinion in microbiology},
   Volume = {5},
   Number = {3},
   Pages = {301-9},
   Year = {2002} }



@article{
119,
   Author = {Doig, A. J. and Williams, D. H.},
   Title = {Is the hydrophobic effect stabilizing or destabilizing in proteins? The contribution of disulphide bonds to protein stability},
   Journal = {Journal of molecular biology},
   Volume = {217},
   Number = {2},
   Pages = {389-98},
   Year = {1991} }



@article{
45,
   Author = {Eklund, H. and Cambillau, C. and Sjoberg, B. M. and Holmgren, A. and Jornvall, H. and Hoog, J. O. and Branden, C. I.},
   Title = {Conformational and functional similarities between glutaredoxin and thioredoxins},
   Journal = {The EMBO journal},
   Volume = {3},
   Number = {7},
   Pages = {1443-9},
   Year = {1984} }



@article{
90,
   Author = {Fahey, R. C.},
   Title = {Novel thiols of prokaryotes},
   Journal = {Annual review of microbiology},
   Volume = {55},
   Pages = {333-56},
   Year = {2001} }



@article{
143,
   Author = {Feese, M. D. and Kato, Y. and Tamada, T. and Kato, M. and Komeda, T. and Miura, Y. and Hirose, M. and Hondo, K. and Kobayashi, K. and Kuroki, R.},
   Title = {Crystal structure of glycosyltrehalose trehalohydrolase from the hyperthermophilic archaeum Sulfolobus solfataricus},
   Journal = {Journal of molecular biology},
   Volume = {301},
   Number = {2},
   Pages = {451-64},
   Year = {2000} }



@article{
7,
   Author = {Feller, G. and Gerday, C.},
   Title = {Psychrophilic enzymes: hot topics in cold adaptation},
   Journal = {Nature reviews},
   Volume = {1},
   Number = {3},
   Pages = {200-8},
   Year = {2003} }



@article{
42,
   Author = {Fernandes, A. P. and Holmgren, A.},
   Title = {Glutaredoxins: glutathione-dependent redox enzymes with functions far beyond a simple thioredoxin backup system},
   Journal = {Antioxidants and redox signaling},
   Volume = {6},
   Number = {1},
   Pages = {63-74},
   Year = {2004} }



@article{
43,
   Author = {Fernandes, A. P. and Holmgren, A.},
   Title = {Glutaredoxins: glutathione-dependent redox enzymes with functions far beyond a simple thioredoxin backup system},
   Journal = {Antioxidants and redox signaling},
   Volume = {6},
   Number = {1},
   Pages = {63-74},
   Year = {2004} }



@article{
120,
   Author = {Flory, Paul J.},
   Title = {Theory of elastic mechanisms in fibrous proteins.},
   Journal = {J. Am. Chem. Soc.},
   Volume = {78},
   Pages = {5222-5235},
   Year = {1956} }



@article{
102,
   Author = {Frand, A. R. and Kaiser, C. A.},
   Title = {The ERO1 gene of yeast is required for oxidation of protein dithiols in the endoplasmic reticulum},
   Journal = {Molecular cell},
   Volume = {1},
   Number = {2},
   Pages = {161-70},
   Year = {1998} }



@article{
101,
   Author = {Frand, A. R. and Kaiser, C. A.},
   Title = {Ero1p oxidizes protein disulfide isomerase in a pathway for disulfide bond formation in the endoplasmic reticulum},
   Journal = {Molecular cell},
   Volume = {4},
   Number = {4},
   Pages = {469-77},
   Year = {1999} }



@article{
104,
   Author = {Frand, A. R. and Kaiser, C. A.},
   Title = {Two pairs of conserved cysteines are required for the oxidative activity of Ero1p in protein disulfide bond formation in the endoplasmic reticulum},
   Journal = {Molecular biology of the cell},
   Volume = {11},
   Number = {9},
   Pages = {2833-43},
   Year = {2000} }



@article{
96,
   Author = {Freedman, R. B. and Gane, P. J. and Hawkins, H. C. and Hlodan, R. and McLaughlin, S. H. and Parry, J. W.},
   Title = {Experimental and theoretical analyses of the domain architecture of mammalian protein disulphide-isomerase},
   Journal = {Biological chemistry},
   Volume = {379},
   Number = {3},
   Pages = {321-8},
   Year = {1998} }



@article{
32,
   Author = {Gleason, F. K. and Holmgren, A.},
   Title = {Thioredoxin and related proteins in procaryotes},
   Journal = {FEMS microbiology reviews},
   Volume = {4},
   Number = {4},
   Pages = {271-97},
   Year = {1988} }



@article{
40,
   Author = {Gon, S. and Faulkner, M. J. and Beckwith, J.},
   Title = {In Vivo Requirement for Glutaredoxins and Thioredoxins in the Reduction of the Ribonucleotide Reductases of Escherichia coli},
   Journal = {Antioxidants and redox signaling},
   Volume = {8},
   Number = {5-6},
   Pages = {735-42},
   Year = {2006} }



@article{
76,
   Author = {Gordon, E. H. and Page, M. D. and Willis, A. C. and Ferguson, S. J.},
   Title = {Escherichia coli DipZ: anatomy of a transmembrane protein disulphide reductase in which three pairs of cysteine residues, one in each of three domains, contribute differentially to function},
   Journal = {Molecular microbiology},
   Volume = {35},
   Number = {6},
   Pages = {1360-74},
   Year = {2000} }



@article{
83,
   Author = {Goulding, C. W. and Sawaya, M. R. and Parseghian, A. and Lim, V. and Eisenberg, D. and Missiakas, D.},
   Title = {Thiol-disulfide exchange in an immunoglobulin-like fold: structure of the N-terminal domain of DsbD},
   Journal = {Biochemistry},
   Volume = {41},
   Number = {22},
   Pages = {6920-7},
   Year = {2002} }



@article{
108,
   Author = {Gross, E. and Kastner, D. B. and Kaiser, C. A. and Fass, D.},
   Title = {Structure of Ero1p, source of disulfide bonds for oxidative protein folding in the cell},
   Journal = {Cell},
   Volume = {117},
   Number = {5},
   Pages = {601-10},
   Year = {2004} }



@article{
107,
   Author = {Gross, E. and Sevier, C. S. and Vala, A. and Kaiser, C. A. and Fass, D.},
   Title = {A new FAD-binding fold and intersubunit disulfide shuttle in the thiol oxidase Erv2p},
   Journal = {Nature structural biology},
   Volume = {9},
   Number = {1},
   Pages = {61-7},
   Year = {2002} }



@article{
15,
   Author = {Haber, E. and Anfinsen, C. B.},
   Title = {Regeneration of enzyme activity by air oxidation of reduced subtilisin-modified ribonuclease},
   Journal = {The Journal of biological chemistry},
   Volume = {236},
   Pages = {422-4},
   Year = {1961} }



@article{
69,
   Author = {Haebel, P. W. and Goldstone, D. and Katzen, F. and Beckwith, J. and Metcalf, P.},
   Title = {The disulfide bond isomerase DsbC is activated by an immunoglobulin-fold thiol oxidoreductase: crystal structure of the DsbC-DsbDalpha complex},
   Journal = {The EMBO journal},
   Volume = {21},
   Number = {18},
   Pages = {4774-84},
   Year = {2002} }



@article{
84,
   Author = {Heras, B. and Edeling, M. A. and Schirra, H. J. and Raina, S. and Martin, J. L.},
   Title = {Crystal structures of the DsbG disulfide isomerase reveal an unstable disulfide},
   Journal = {Proceedings of the National Academy of Sciences of the United States of America},
   Volume = {101},
   Number = {24},
   Pages = {8876-81},
   Year = {2004} }



@article{
23,
   Author = {Hiniker, A. and Bardwell, J. C.},
   Title = {Disulfide bond isomerization in prokaryotes},
   Journal = {Biochemistry},
   Volume = {42},
   Number = {5},
   Pages = {1179-85},
   Year = {2003} }



@article{
46,
   Author = {Holmgren, A.},
   Title = {Hydrogen donor system for Escherichia coli ribonucleoside-diphosphate reductase dependent upon glutathione},
   Journal = {Proceedings of the National Academy of Sciences of the United States of America},
   Volume = {73},
   Number = {7},
   Pages = {2275-9},
   Year = {1976} }



@article{
17,
   Author = {Holmgren, A.},
   Title = {Thioredoxin and glutaredoxin systems},
   Journal = {The Journal of biological chemistry},
   Volume = {264},
   Number = {24},
   Pages = {13963-6},
   Year = {1989} }



@article{
141,
   Author = {Hopfner, K. P. and Eichinger, A. and Engh, R. A. and Laue, F. and Ankenbauer, W. and Huber, R. and Angerer, B.},
   Title = {Crystal structure of a thermostable type B DNA polymerase from Thermococcus gorgonarius},
   Journal = {Proceedings of the National Academy of Sciences of the United States of America},
   Volume = {96},
   Number = {7},
   Pages = {3600-5},
   Year = {1999} }



@article{
4,
   Author = {Horikoshi, K.},
   Title = {Alkaliphiles: some applications of their products for biotechnology},
   Journal = {Microbiology and molecular biology reviews},
   Volume = {63},
   Number = {4},
   Pages = {735-50, table of contents},
   Year = {1999} }



@article{
91,
   Author = {Hummel, C. S. and Lancaster, K. M. and Crane, E. J., 3rd},
   Title = {Determination of coenzyme A levels in Pyrococcus furiosus and other Archaea: implications for a general role for coenzyme A in thermophiles},
   Journal = {FEMS microbiology letters},
   Volume = {252},
   Number = {2},
   Pages = {229-34},
   Year = {2005} }



@article{
95,
   Author = {Hwang, C. and Sinskey, A. J. and Lodish, H. F.},
   Title = {Oxidized redox state of glutathione in the endoplasmic reticulum},
   Journal = {Science},
   Volume = {257},
   Number = {5076},
   Pages = {1496-502},
   Year = {1992} }



@article{
12,
   Author = {Inaba, K. and Ito, K.},
   Title = {Paradoxical redox properties of DsbB and DsbA in the protein disulfide-introducing reaction cascade},
   Journal = {The EMBO journal},
   Volume = {21},
   Number = {11},
   Pages = {2646-54},
   Year = {2002} }



@article{
139,
   Author = {Isupov, M. N. and Fleming, T. M. and Dalby, A. R. and Crowhurst, G. S. and Bourne, P. C. and Littlechild, J. A.},
   Title = {Crystal structure of the glyceraldehyde-3-phosphate dehydrogenase from the hyperthermophilic archaeon Sulfolobus solfataricus},
   Journal = {Journal of molecular biology},
   Volume = {291},
   Number = {3},
   Pages = {651-60},
   Year = {1999} }



@article{
85,
   Author = {Jander, G. and Martin, N. L. and Beckwith, J.},
   Title = {Two cysteines in each periplasmic domain of the membrane protein DsbB are required for its function in protein disulfide bond formation},
   Journal = {The EMBO journal},
   Volume = {13},
   Number = {21},
   Pages = {5121-7},
   Year = {1994} }



@article{
66,
   Author = {Joly, J. C. and Swartz, J. R.},
   Title = {In vitro and in vivo redox states of the Escherichia coli periplasmic oxidoreductases DsbA and DsbC},
   Journal = {Biochemistry},
   Volume = {36},
   Number = {33},
   Pages = {10067-72},
   Year = {1997} }



@article{
130,
   Author = {Kabashima, T. and Li, Y. and Kanada, N. and Ito, K. and Yoshimoto, T.},
   Title = {Enhancement of the thermal stability of pyroglutamyl peptidase I by introduction of an intersubunit disulfide bond},
   Journal = {Biochimica et biophysica acta},
   Volume = {1547},
   Number = {2},
   Pages = {214-20},
   Year = {2001} }



@article{
20,
   Author = {Kadokura, H. and Katzen, F. and Beckwith, J.},
   Title = {Protein disulfide bond formation in prokaryotes},
   Journal = {Annual review of biochemistry},
   Volume = {72},
   Pages = {111-35},
   Year = {2003} }



@article{
44,
   Author = {Karplus, P. A. and Schulz, G. E.},
   Title = {Refined structure of glutathione reductase at 1.54 A resolution},
   Journal = {Journal of molecular biology},
   Volume = {195},
   Number = {3},
   Pages = {701-29},
   Year = {1987} }



@article{
113,
   Author = {Karshikoff, A. and Ladenstein, R.},
   Title = {Proteins from thermophilic and mesophilic organisms essentially do not differ in packing},
   Journal = {Protein engineering},
   Volume = {11},
   Number = {10},
   Pages = {867-72},
   Year = {1998} }



@article{
3,
   Author = {Kashefi, K. and Lovley, D. R.},
   Title = {Extending the upper temperature limit for life},
   Journal = {Science},
   Volume = {301},
   Number = {5635},
   Pages = {934},
   Year = {2003} }



@article{
77,
   Author = {Katzen, F. and Beckwith, J.},
   Title = {Transmembrane electron transfer by the membrane protein DsbD occurs via a disulfide bond cascade},
   Journal = {Cell},
   Volume = {103},
   Number = {5},
   Pages = {769-79},
   Year = {2000} }



@article{
89,
   Author = {Katzen, F. and Deshmukh, M. and Daldal, F. and Beckwith, J.},
   Title = {Evolutionary domain fusion expanded the substrate specificity of the transmembrane electron transporter DsbD},
   Journal = {The EMBO journal},
   Volume = {21},
   Number = {15},
   Pages = {3960-9},
   Year = {2002} }



@article{
99,
   Author = {Kemmink, J. and Darby, N. J. and Dijkstra, K. and Nilges, M. and Creighton, T. E.},
   Title = {The folding catalyst protein disulfide isomerase is constructed of active and inactive thioredoxin modules},
   Journal = {Current biology},
   Volume = {7},
   Number = {4},
   Pages = {239-45},
   Year = {1997} }



@article{
59,
   Author = {Kishigami, S. and Akiyama, Y. and Ito, K.},
   Title = {Redox states of DsbA in the periplasm of Escherichia coli},
   Journal = {FEBS letters},
   Volume = {364},
   Number = {1},
   Pages = {55-8},
   Year = {1995} }



@article{
86,
   Author = {Kobayashi, T. and Ito, K.},
   Title = {Respiratory chain strongly oxidizes the CXXC motif of DsbB in the Escherichia coli disulfide bond formation pathway},
   Journal = {The EMBO journal},
   Volume = {18},
   Number = {5},
   Pages = {1192-8},
   Year = {1999} }



@article{
144,
   Author = {Krause, G. and Lundstrom, J. and Barea, J. L. and Pueyo de la Cuesta, C. and Holmgren, A.},
   Title = {Mimicking the active site of protein disulfide-isomerase by substitution of proline 34 in Escherichia coli thioredoxin},
   Journal = {The Journal of biological chemistry},
   Volume = {266},
   Number = {15},
   Pages = {9494-500},
   Year = {1991} }



@article{
115,
   Author = {Kumar, S. and Tsai, C. J. and Nussinov, R.},
   Title = {Factors enhancing protein thermostability},
   Journal = {Protein engineering},
   Volume = {13},
   Number = {3},
   Pages = {179-91},
   Year = {2000} }



@article{
124,
   Author = {Kuroki, R. and Inaka, K. and Taniyama, Y. and Kidokoro, S. and Matsushima, M. and Kikuchi, M. and Yutani, K.},
   Title = {Enthalpic destabilization of a mutant human lysozyme lacking a disulfide bridge between cysteine-77 and cysteine-95},
   Journal = {Biochemistry},
   Volume = {31},
   Number = {35},
   Pages = {8323-8},
   Year = {1992} }



@article{
36,
   Author = {Laurent, T. C. and Moore, E. C. and Reichard, P.},
   Title = {Enzymatic Synthesis Of Deoxyribonucleotides. Iv. Isolation And Characterization Of Thioredoxin, The Hydrogen Donor From Escherichia Coli B},
   Journal = {The Journal of biological chemistry},
   Volume = {239},
   Pages = {3436-44},
   Year = {1964} }



@article{
22,
   Author = {Linke, K. and Jakob, U.},
   Title = {Not every disulfide lasts forever: disulfide bond formation as a redox switch},
   Journal = {Antioxidants and redox signaling},
   Volume = {5},
   Number = {4},
   Pages = {425-34},
   Year = {2003} }



@article{
68,
   Author = {Liu, X. and Wang, C. C.},
   Title = {Disulfide-dependent folding and export of Escherichia coli DsbC},
   Journal = {The Journal of biological chemistry},
   Volume = {276},
   Number = {2},
   Pages = {1146-51},
   Year = {2001} }



@article{
37,
   Author = {Martin, J. L.},
   Title = {Thioredoxin--a fold for all reasons},
   Journal = {Structure (London, England)},
   Volume = {3},
   Number = {3},
   Pages = {245-50},
   Year = {1995} }



@article{
58,
   Author = {Martin, J. L. and Bardwell, J. C. and Kuriyan, J.},
   Title = {Crystal structure of the DsbA protein required for disulphide bond formation in vivo},
   Journal = {Nature},
   Volume = {365},
   Number = {6445},
   Pages = {464-8},
   Year = {1993} }



@article{
26,
   Author = {Masutani, H. and Yodoi, J.},
   Title = {Thioredoxin. Overview},
   Journal = {Methods in enzymology},
   Volume = {347},
   Pages = {279-86},
   Year = {2002} }



@article{
128,
   Author = {Matsumura, M. and Becktel, W. J. and Levitt, M. and Matthews, B. W.},
   Title = {Stabilization of phage T4 lysozyme by engineered disulfide bonds},
   Journal = {Proceedings of the National Academy of Sciences of the United States of America},
   Volume = {86},
   Number = {17},
   Pages = {6562-6},
   Year = {1989} }



@article{
63,
   Author = {McCarthy, A. A. and Haebel, P. W. and Torronen, A. and Rybin, V. and Baker, E. N. and Metcalf, P.},
   Title = {Crystal structure of the protein disulfide bond isomerase, DsbC, from Escherichia coli},
   Journal = {Nature structural biology},
   Volume = {7},
   Number = {3},
   Pages = {196-9},
   Year = {2000} }



@article{
80,
   Author = {Messner, K. R. and Imlay, J. A.},
   Title = {The identification of primary sites of superoxide and hydrogen peroxide formation in the aerobic respiratory chain and sulfite reductase complex of Escherichia coli},
   Journal = {The Journal of biological chemistry},
   Volume = {274},
   Number = {15},
   Pages = {10119-28},
   Year = {1999} }



@article{
81,
   Author = {Messner, K. R. and Imlay, J. A.},
   Title = {The identification of primary sites of superoxide and hydrogen peroxide formation in the aerobic respiratory chain and sulfite reductase complex of Escherichia coli},
   Journal = {The Journal of biological chemistry},
   Volume = {274},
   Number = {15},
   Pages = {10119-28},
   Year = {1999} }



@article{
38,
   Author = {Miranda-Vizuete, A. and Damdimopoulos, A. E. and Gustafsson, J. and Spyrou, G.},
   Title = {Cloning, expression, and characterization of a novel Escherichia coli thioredoxin},
   Journal = {The Journal of biological chemistry},
   Volume = {272},
   Number = {49},
   Pages = {30841-7},
   Year = {1997} }



@article{
54,
   Author = {Missiakas, D. and Georgopoulos, C. and Raina, S.},
   Title = {Identification and characterization of the Escherichia coli gene dsbB, whose product is involved in the formation of disulfide bonds in vivo},
   Journal = {Proceedings of the National Academy of Sciences of the United States of America},
   Volume = {90},
   Number = {15},
   Pages = {7084-8},
   Year = {1993} }



@article{
55,
   Author = {Missiakas, D. and Georgopoulos, C. and Raina, S.},
   Title = {The Escherichia coli dsbC (xprA) gene encodes a periplasmic protein involved in disulfide bond formation},
   Journal = {The EMBO journal},
   Volume = {13},
   Number = {8},
   Pages = {2013-20},
   Year = {1994} }



@article{
57,
   Author = {Missiakas, D. and Schwager, F. and Raina, S.},
   Title = {Identification and characterization of a new disulfide isomerase-like protein (DsbD) in Escherichia coli},
   Journal = {The EMBO journal},
   Volume = {14},
   Number = {14},
   Pages = {3415-24},
   Year = {1995} }



@article{
135,
   Author = {Nakka, M. and Iyer, R. B. and Bachas, L. G.},
   Title = {Intersubunit disulfide interactions play a critical role in maintaining the thermostability of glucose-6-phosphate dehydrogenase from the hyperthermophilic bacterium Aquifex aeolicus},
   Journal = {The protein journal},
   Volume = {25},
   Number = {1},
   Pages = {17-21},
   Year = {2006} }



@article{
92,
   Author = {Newton, G. L. and Arnold, K. and Price, M. S. and Sherrill, C. and Delcardayre, S. B. and Aharonowitz, Y. and Cohen, G. and Davies, J. and Fahey, R. C. and Davis, C.},
   Title = {Distribution of thiols in microorganisms: mycothiol is a major thiol in most actinomycetes},
   Journal = {Journal of bacteriology},
   Volume = {178},
   Number = {7},
   Pages = {1990-5},
   Year = {1996} }



@article{
94,
   Author = {Newton, G. L. and Bewley, C. A. and Dwyer, T. J. and Horn, R. and Aharonowitz, Y. and Cohen, G. and Davies, J. and Faulkner, D. J. and Fahey, R. C.},
   Title = {The structure of U17 isolated from Streptomyces clavuligerus and its properties as an antioxidant thiol},
   Journal = {European journal of biochemistry / FEBS},
   Volume = {230},
   Number = {2},
   Pages = {821-5},
   Year = {1995} }



@article{
121,
   Author = {Pace, C. N. and Grimsley, G. R. and Thomson, J. A. and Barnett, B. J.},
   Title = {Conformational stability and activity of ribonuclease T1 with zero, one, and two intact disulfide bonds},
   Journal = {The Journal of biological chemistry},
   Volume = {263},
   Number = {24},
   Pages = {11820-5},
   Year = {1988} }



@article{
21,
   Author = {Paget, M. S. and Buttner, M. J.},
   Title = {Thiol-based regulatory switches},
   Journal = {Annual review of genetics},
   Volume = {37},
   Pages = {91-121},
   Year = {2003} }



@article{
126,
   Author = {Perry, L. J. and Wetzel, R.},
   Title = {Disulfide bond engineered into T4 lysozyme: stabilization of the protein toward thermal inactivation},
   Journal = {Science},
   Volume = {226},
   Number = {4674},
   Pages = {555-7},
   Year = {1984} }



@article{
103,
   Author = {Pollard, M. G. and Travers, K. J. and Weissman, J. S.},
   Title = {Ero1p: a novel and ubiquitous protein with an essential role in oxidative protein folding in the endoplasmic reticulum},
   Journal = {Molecular cell},
   Volume = {1},
   Number = {2},
   Pages = {171-82},
   Year = {1998} }



@article{
27,
   Author = {Qin, J. and Yang, Y. and Velyvis, A. and Gronenborn, A.},
   Title = {Molecular views of redox regulation: three-dimensional structures of redox regulatory proteins and protein complexes},
   Journal = {Antioxidants and redox signaling},
   Volume = {2},
   Number = {4},
   Pages = {827-40},
   Year = {2000} }



@article{
116,
   Author = {Querol, E. and Perez-Pons, J. A. and Mozo-Villarias, A.},
   Title = {Analysis of protein conformational characteristics related to thermostability},
   Journal = {Protein engineering},
   Volume = {9},
   Number = {3},
   Pages = {265-71},
   Year = {1996} }



@article{
79,
   Author = {Rietsch, A. and Belin, D. and Martin, N. and Beckwith, J.},
   Title = {An in vivo pathway for disulfide bond isomerization in Escherichia coli},
   Journal = {Proceedings of the National Academy of Sciences of the United States of America},
   Volume = {93},
   Number = {23},
   Pages = {13048-53},
   Year = {1996} }



@article{
64,
   Author = {Rietsch, A. and Bessette, P. and Georgiou, G. and Beckwith, J.},
   Title = {Reduction of the periplasmic disulfide bond isomerase, DsbC, occurs by passage of electrons from cytoplasmic thioredoxin},
   Journal = {Journal of bacteriology},
   Volume = {179},
   Number = {21},
   Pages = {6602-8},
   Year = {1997} }



@article{
19,
   Author = {Ritz, D. and Beckwith, J.},
   Title = {Roles of thiol-redox pathways in bacteria},
   Journal = {Annual review of microbiology},
   Volume = {55},
   Pages = {21-48},
   Year = {2001} }



@article{
131,
   Author = {Robinson, C. R. and Sauer, R. T.},
   Title = {Striking stabilization of Arc repressor by an engineered disulfide bond},
   Journal = {Biochemistry},
   Volume = {39},
   Number = {40},
   Pages = {12494-502},
   Year = {2000} }



@article{
30,
   Author = {Rost, J. and Rapoport, S.},
   Title = {Reduction-Potential Of Glutathione},
   Journal = {Nature},
   Volume = {201},
   Pages = {185},
   Year = {1964} }



@article{
33,
   Author = {Russel, M. and Model, P.},
   Title = {The role of thioredoxin in filamentous phage assembly. Construction, isolation, and characterization of mutant thioredoxins},
   Journal = {The Journal of biological chemistry},
   Volume = {261},
   Number = {32},
   Pages = {14997-5005},
   Year = {1986} }



@article{
34,
   Author = {Russel, M. and Model, P. and Holmgren, A.},
   Title = {Thioredoxin or glutaredoxin in Escherichia coli is essential for sulfate reduction but not for deoxyribonucleotide synthesis},
   Journal = {Journal of bacteriology},
   Volume = {172},
   Number = {4},
   Pages = {1923-9},
   Year = {1990} }



@article{
111,
   Author = {Russell, R. J. and Ferguson, J. M. and Hough, D. W. and Danson, M. J. and Taylor, G. L.},
   Title = {The crystal structure of citrate synthase from the hyperthermophilic archaeon pyrococcus furiosus at 1.9 A resolution},
   Journal = {Biochemistry},
   Volume = {36},
   Number = {33},
   Pages = {9983-94},
   Year = {1997} }



@article{
112,
   Author = {Salminen, T. and Teplyakov, A. and Kankare, J. and Cooperman, B. S. and Lahti, R. and Goldman, A.},
   Title = {An unusual route to thermostability disclosed by the comparison of Thermus thermophilus and Escherichia coli inorganic pyrophosphatases},
   Journal = {Protein science},
   Volume = {5},
   Number = {6},
   Pages = {1014-25},
   Year = {1996} }



@article{
62,
   Author = {Schirra, H. J. and Renner, C. and Czisch, M. and Huber-Wunderlich, M. and Holak, T. A. and Glockshuber, R.},
   Title = {Structure of reduced DsbA from Escherichia coli in solution},
   Journal = {Biochemistry},
   Volume = {37},
   Number = {18},
   Pages = {6263-76},
   Year = {1998} }



@article{
2,
   Author = {Schleper, C. and Puehler, G. and Holz, I. and Gambacorta, A. and Janekovic, D. and Santarius, U. and Klenk, H. P. and Zillig, W.},
   Title = {Picrophilus gen. nov., fam. nov.: a novel aerobic, heterotrophic, thermoacidophilic genus and family comprising archaea capable of growth around pH 0},
   Journal = {Journal of bacteriology},
   Volume = {177},
   Number = {24},
   Pages = {7050-9},
   Year = {1995} }



@article{
110,
   Author = {Sevier, C. S. and Cuozzo, J. W. and Vala, A. and Aslund, F. and Kaiser, C. A.},
   Title = {A flavoprotein oxidase defines a new endoplasmic reticulum pathway for biosynthetic disulphide bond formation},
   Journal = {Nature cell biology},
   Volume = {3},
   Number = {10},
   Pages = {874-82},
   Year = {2001} }



@article{
9,
   Author = {Sevier, C. S. and Kaiser, C. A.},
   Title = {Formation and transfer of disulphide bonds in living cells},
   Journal = {Nature reviews},
   Volume = {3},
   Number = {11},
   Pages = {836-47},
   Year = {2002} }



@article{
56,
   Author = {Shevchik, V. E. and Condemine, G. and Robert-Baudouy, J.},
   Title = {Characterization of DsbC, a periplasmic protein of Erwinia chrysanthemi and Escherichia coli with disulfide isomerase activity},
   Journal = {The EMBO journal},
   Volume = {13},
   Number = {8},
   Pages = {2007-12},
   Year = {1994} }



@article{
50,
   Author = {Shi, J. and Vlamis-Gardikas, A. and Aslund, F. and Holmgren, A. and Rosen, B. P.},
   Title = {Reactivity of glutaredoxins 1, 2, and 3 from Escherichia coli shows that glutaredoxin 2 is the primary hydrogen donor to ArsC-catalyzed arsenate reduction},
   Journal = {The Journal of biological chemistry},
   Volume = {274},
   Number = {51},
   Pages = {36039-42},
   Year = {1999} }



@article{
129,
   Author = {Singleton, M. and Isupov, M. and Littlechild, J.},
   Title = {X-ray structure of pyrrolidone carboxyl peptidase from the hyperthermophilic archaeon Thermococcus litoralis},
   Journal = {Structure (London, England)},
   Volume = {7},
   Number = {3},
   Pages = {237-44},
   Year = {1999} }



@article{
142,
   Author = {Singleton, M. and Isupov, M. and Littlechild, J.},
   Title = {X-ray structure of pyrrolidone carboxyl peptidase from the hyperthermophilic archaeon Thermococcus litoralis},
   Journal = {Structure (London, England)},
   Volume = {7},
   Number = {3},
   Pages = {237-44},
   Year = {1999} }



@article{
25,
   Author = {Stefankova, P. and Kollarova, M. and Barak, I.},
   Title = {Thioredoxin - structural and functional complexity},
   Journal = {General physiology and biophysics},
   Volume = {24},
   Number = {1},
   Pages = {3-11},
   Year = {2005} }



@article{
74,
   Author = {Stewart, E. J. and Katzen, F. and Beckwith, J.},
   Title = {Six conserved cysteines of the membrane protein DsbD are required for the transfer of electrons from the cytoplasm to the periplasm of Escherichia coli},
   Journal = {The EMBO journal},
   Volume = {18},
   Number = {21},
   Pages = {5963-71},
   Year = {1999} }



@article{
65,
   Author = {Sun, X. X. and Wang, C. C.},
   Title = {The N-terminal sequence (residues 1-65) is essential for dimerization, activities, and peptide binding of Escherichia coli DsbC},
   Journal = {The Journal of biological chemistry},
   Volume = {275},
   Number = {30},
   Pages = {22743-9},
   Year = {2000} }



@article{
93,
   Author = {Sundquist, A. R. and Fahey, R. C.},
   Title = {The novel disulfide reductase bis-gamma-glutamylcystine reductase and dihydrolipoamide dehydrogenase from Halobacterium halobium: purification by immobilized-metal-ion affinity chromatography and properties of the enzymes},
   Journal = {Journal of bacteriology},
   Volume = {170},
   Number = {8},
   Pages = {3459-67},
   Year = {1988} }



@article{
118,
   Author = {Szilagyi, A. and Zavodszky, P.},
   Title = {Structural differences between mesophilic, moderately thermophilic and extremely thermophilic protein subunits: results of a comprehensive survey},
   Journal = {Structure (London, England)},
   Volume = {8},
   Number = {5},
   Pages = {493-504},
   Year = {2000} }



@article{
134,
   Author = {Tanaka, Y. and Tsumoto, K. and Yasutake, Y. and Umetsu, M. and Yao, M. and Fukada, H. and Tanaka, I. and Kumagai, I.},
   Title = {How oligomerization contributes to the thermostability of an archaeon protein. Protein L-isoaspartyl-O-methyltransferase from Sulfolobus tokodaii},
   Journal = {The Journal of biological chemistry},
   Volume = {279},
   Number = {31},
   Pages = {32957-67},
   Year = {2004} }



@article{
29,
   Author = {Thorpe, C. and Hoober, K. L. and Raje, S. and Glynn, N. M. and Burnside, J. and Turi, G. K. and Coppock, D. L.},
   Title = {Sulfhydryl oxidases: emerging catalysts of protein disulfide bond formation in eukaryotes},
   Journal = {Archives of biochemistry and biophysics},
   Volume = {405},
   Number = {1},
   Pages = {1-12},
   Year = {2002} }



@article{
97,
   Author = {Tian, G. and Xiang, S. and Noiva, R. and Lennarz, W. J. and Schindelin, H.},
   Title = {The crystal structure of yeast protein disulfide isomerase suggests cooperativity between its active sites},
   Journal = {Cell},
   Volume = {124},
   Number = {1},
   Pages = {61-73},
   Year = {2006} }



@article{
136,
   Author = {Toth, E. A. and Worby, C. and Dixon, J. E. and Goedken, E. R. and Marqusee, S. and Yeates, T. O.},
   Title = {The crystal structure of adenylosuccinate lyase from Pyrobaculum aerophilum reveals an intracellular protein with three disulfide bonds},
   Journal = {Journal of molecular biology},
   Volume = {301},
   Number = {2},
   Pages = {433-50},
   Year = {2000} }



@article{
35,
   Author = {Tsang, M. L.},
   Title = {Assimilatory sulfate reduction in Escherichia coli: identification of the alternate cofactor for adenosine 3'-phosphate 5'-phosphosulfate reductase as glutaredoxin},
   Journal = {Journal of bacteriology},
   Volume = {146},
   Number = {3},
   Pages = {1059-66},
   Year = {1981} }



@article{
105,
   Author = {Tu, B. P. and Ho-Schleyer, S. C. and Travers, K. J. and Weissman, J. S.},
   Title = {Biochemical basis of oxidative protein folding in the endoplasmic reticulum},
   Journal = {Science},
   Volume = {290},
   Number = {5496},
   Pages = {1571-4},
   Year = {2000} }



@article{
106,
   Author = {Tu, B. P. and Weissman, J. S.},
   Title = {The FAD- and O(2)-dependent reaction cycle of Ero1-mediated oxidative protein folding in the endoplasmic reticulum},
   Journal = {Molecular cell},
   Volume = {10},
   Number = {5},
   Pages = {983-94},
   Year = {2002} }



@article{
24,
   Author = {Tu, B. P. and Weissman, J. S.},
   Title = {Oxidative protein folding in eukaryotes: mechanisms and consequences},
   Journal = {The Journal of cell biology},
   Volume = {164},
   Number = {3},
   Pages = {341-6},
   Year = {2004} }



@article{
48,
   Author = {Vlamis-Gardikas, A. and Aslund, F. and Spyrou, G. and Bergman, T. and Holmgren, A.},
   Title = {Cloning, overexpression, and characterization of glutaredoxin 2, an atypical glutaredoxin from Escherichia coli},
   Journal = {The Journal of biological chemistry},
   Volume = {272},
   Number = {17},
   Pages = {11236-43},
   Year = {1997} }



@article{
117,
   Author = {Vogt, G. and Woell, S. and Argos, P.},
   Title = {Protein thermal stability, hydrogen bonds, and ion pairs},
   Journal = {Journal of molecular biology},
   Volume = {269},
   Number = {4},
   Pages = {631-43},
   Year = {1997} }



@article{
72,
   Author = {Walker, K. W. and Gilbert, H. F.},
   Title = {Scanning and escape during protein-disulfide isomerase-assisted protein folding},
   Journal = {The Journal of biological chemistry},
   Volume = {272},
   Number = {14},
   Pages = {8845-8},
   Year = {1997} }



@article{
127,
   Author = {Wetzel, R. and Perry, L. J. and Baase, W. A. and Becktel, W. J.},
   Title = {Disulfide bonds and thermal stability in T4 lysozyme},
   Journal = {Proceedings of the National Academy of Sciences of the United States of America},
   Volume = {85},
   Number = {2},
   Pages = {401-5},
   Year = {1988} }



@article{
41,
   Author = {Williams, C. H., Jr.},
   Title = {Mechanism and structure of thioredoxin reductase from Escherichia coli},
   Journal = {The FASEB journal},
   Volume = {9},
   Number = {13},
   Pages = {1267-76},
   Year = {1995} }



@article{
10,
   Author = {Wunderlich, M. and Glockshuber, R.},
   Title = {Redox properties of protein disulfide isomerase (DsbA) from Escherichia coli},
   Journal = {Protein science},
   Volume = {2},
   Number = {5},
   Pages = {717-26},
   Year = {1993} }



@article{
61,
   Author = {Wunderlich, M. and Jaenicke, R. and Glockshuber, R.},
   Title = {The redox properties of protein disulfide isomerase (DsbA) of Escherichia coli result from a tense conformation of its oxidized form},
   Journal = {Journal of molecular biology},
   Volume = {233},
   Number = {4},
   Pages = {559-66},
   Year = {1993} }



@article{
8,
   Author = {Yayanos, A. A.},
   Title = {Microbiology to 10,500 meters in the deep sea},
   Journal = {Annual review of microbiology},
   Volume = {49},
   Pages = {777-805},
   Year = {1995} }



@article{
60,
   Author = {Zapun, A. and Bardwell, J. C. and Creighton, T. E.},
   Title = {The reactive and destabilizing disulfide bond of DsbA, a protein required for protein disulfide bond formation in vivo},
   Journal = {Biochemistry},
   Volume = {32},
   Number = {19},
   Pages = {5083-92},
   Year = {1993} }



@article{
100,
   Author = {Zapun, A. and Creighton, T. E. and Rowling, P. J. and Freedman, R. B.},
   Title = {Folding in vitro of bovine pancreatic trypsin inhibitor in the presence of proteins of the endoplasmic reticulum},
   Journal = {Proteins},
   Volume = {14},
   Number = {1},
   Pages = {10-5},
   Year = {1992} }



@article{
71,
   Author = {Zapun, A. and Missiakas, D. and Raina, S. and Creighton, T. E.},
   Title = {Structural and functional characterization of DsbC, a protein involved in disulfide bond formation in Escherichia coli},
   Journal = {Biochemistry},
   Volume = {34},
   Number = {15},
   Pages = {5075-89},
   Year = {1995} }



@article{
137,
   Author = {Zhao, Y. and Jeruzalmi, D. and Moarefi, I. and Leighton, L. and Lasken, R. and Kuriyan, J.},
   Title = {Crystal structure of an archaebacterial DNA polymerase},
   Journal = {Structure (London, England)},
   Volume = {7},
   Number = {10},
   Pages = {1189-99},
   Year = {1999} }



