@article{vidal,
    author="Vidal, Seth",
    title="Yellow dog Updater, Modified (YUM) Project",
    journal="http://linux.duke.edu/projects/yum/"
}

@article{bodnar,
    author="Bodnar, Ladislav",
    title="Is RPM Doomed?",
    journal="http://www.distrowatch.com/article-rpm.php"
}

@article{hess,
    author="Hess, Joey",
    title="A comparison of the deb, rpm, tgz, slp, and pkg package formats",
    journal="http://www.kitenet.net/~joey/pkg-comp/"
}

@article{rpm,
    title="Red Hat Package Manager",
    journal="http://www.rpm.org/"
}
@article{Frontpage,
    title="Microsoft Frontpage",
    journal="http://office.microsoft.com/frontpage"
}
@article{soap,
    title="SOAP",
    journal="http://www.w3.org/TR/soap"
}

@article{sql-translator,
    title="SQL::Translator",
    journal="http://sqlfairy.sourceforge.net"
}

@article{class-dbi,
    title="Class::DBI",
    journal="http://wiki.class-dbi.com"
}

@article{apache,
    title="Apache Web Server",
    journal="http://apache.org"
}

@article{modperl,
    title="mod\_perl",
    journal="http://perl.apache.org"
}

@article{css,
    title="CSS",
    journal="http://www.w3.org/Style/CSS/"
}

@article{osi,
    title="Open Source Initiative - Licensing",
    journal="http://www.opensource.org/licenses/index.php"
}

@article{turnkey,
    title="Turnkey",
    journal="http://turnkey.sf.net"
}

@book{mvc,
  author = "Gamma, E and Helm, R and Johnson, R and Vlissides, J",
  title  = "{Design Patterns: Elements of Reusable Object-Oriented Software}",
  publisher = "Addison-Wesley Professional", 
  address = "Boston, Massachusetts",
  year = "1995"
}

@book{mvc_2,
  author = "Buschmann, F and Meunier, R and Rohnert, H and Sommerlad, P and Stal, M",
  title  = "{Pattern-Oriented Software Architecture.}",
  publisher = "John Wiley and Sons", 
  address = "Indianapolis, Indiana",
  year = "1996"
}

@book{mda,
  author = "Frankel, DS",
  title  = "{Model Driven Architecture.}",
  publisher = "Wiley Publishing, Inc.", 
  address = "Indianapolis, Indiana",
  year = "2003"
}


@article{bioperl,
  author="Stajich, JE and Block, D and Boulez, K and Brenner, SE and Chervitz, SA and Dagdigian, C and Fuellen, G and Gilbert, JG and Korf, I and Lapp, H and Lehvaslaiho, H and Matsalla, C and Mungall, CJ and Osborne, BI and Pocock, MR and Schattner, P and Senger, M and Stein, LD and Stupka, E and Wilkinson, MD and Birney, E",
  title="{The Bioperl Toolkit: Perl modules for the life sciences.}",
  year="2002",
  journal="Genome Res",
  volume="12",
  number="10",
  pages="1611-8",
}

@article{blat,
  author="Kent, WJ",
  title="{BLAT -- the BLAST-like alignment tool.}",
  year="2002",
  journal="Genome Res",
  volume="12",
  number="4",
  pages="656-64",
}

@article{bioconductor,
  author="Gentleman, RC and Carey, VJ and Bates, DM and Bolstad, B and Dettling, M and Dudoit, S and Ellis, B and Gautier, L and Ge, Y and Gentry, J and Hornik, K and Hothorn, T and Huber, W and Iacus, S and Irizarry, R and Leisch, F and Li, C and Maechler, M and Rossini, JA and Sawitzki, G and Smith, C and Smyth, C and Smyth, G and Tierney, L and Yang, JY and Zhang, J",
  title="{Bioconductor: open source development for computational biology and bioinformatics.}",
  year="2004",
  journal="Genome Biol",
  volume="5",
  number="10",
  pages="R80",
}

@article{gbrowse,
  author="Stein, LD and Mungall, C and Shu, S and Caudy, M and Mangone, M and Day, A and Nickerson, E and Stajich, JE and Harris, TW and Arva, A and Lewis, S",
  title="{The generic genome browser: a building block for a model organism system database.}",
  year="2002",
  journal="Genome Res",
  volume="12",
  number="10",
  pages="1599-610"
}

@article{couch,
    author="Couch, Alva",
    title="SLINK: Effective Filesystem Maintenance Abstractions for Community-Based Administration",
    year="1996",
    journal="Proceedings LISA San Diego, CA",
}

@article{nation,
    author="Stein, Lincoln",
    title="{Creating a bioinformatics nation}",
    year="2002",
    journal="Nature",
    volume="417",
    pages="119-120"
}

@article{soap_ebi,
    author="Pillai, S and Silventoinen, K and Kallio, M and Senger, S and Sobhany, J and Tate, S andVelankar, S and Golovin, A and Henrick, K and Rice, P and Stoehr, P and Lopez, R",
    title="{SOAP-based services provided by the European Bioinformatics Institute}",
    year="2005",
    journal="Nucleic Acids Res",
    volume="33",
    pages="W25-W28"
}
@article{apollo,
  author  = "Lewis, SE and Searle, SM and Harris, N and Gibson, M and Lyer, V and Richter, J and Wiel, C and Bayraktaroglir, L and Birney, E and Crosby, MA and Kaminker, JS and Matthews, BB and Prochnik, SE and Smithy, CD and Tupy, JL and Rubin, GM and Misra, S and Mungall, CJ and Clamp, ME",
  title   = "{Apollo: a sequence annotation editor.}",
  year    = "2002",
  journal = "Genome Biol",
  volume  = "3",
  number  = "12",
  pages   = "RESEARCH0082"
}
@article{genbank,
  author  = "Benson, DA and Karsch-Mizrachi, I and Lipman, DJ and Ostell, J and Wheeler, DL",
  title   = "{GenBank.}",
  year    = "2005",
  journal = "Nucleic Acids Res",
  volume  = "33",
  number  = "Database issue",
  pages   = "D34-8"
}
@article{blast,
  author  = "Altschul, SF and Gish, W and Miller, W and Myers, EW and Lipman, DJ",
  title   = "{Basic local alignment search tool.}",
  year    = "1990",
  journal = "J Mol Biol",
  volume  = "215",
  number  = "3",
  pages   = "403-10"
}
@article{textpresso,
  author  = "M{\"{u}}ller, HM and Kenny, EE and Sternberg, PW",
  title   = "{Textpresso: an ontology-based information retrieval and extraction system for biological literature.}",
  year    = "2004",
  journal = "PLoS Biol",
  volume  = "2",
  number  = "11",
  pages   = "e309"
}
@article{ensembl,
  author  = "Birney, E and Andrews, D and Caccamo, M and Chen, Y and Clarke, L and Coates, G and Cox, T and Cunningham, F and Curwen, V and Cutts, T and Down, T and Durbin, R and Fernandez-Suarez, XM and Flicek, P and Gr{\"{a}}f, S and Hammond, M and Herrero, J and Howe, K and Iyer, V and Jekosch, K and K{\"{a}}h{\"{a}}ri, A and Kasprzyk, A and Keefe, D and Kokocinski, F and Kulesha, E and London, D and Longden, I and Melsopp, C and Meidl, P and Overduin, B and Parker, A and Proctor, G and Prlic, A and Rae, M and Rios, D and Redmond, S and Schuster, M and Sealy, I and Searle, S and Severin, J and Slater, G and Smedley, D and Smith, J and Stabenau, A and Stalker, J and Trevanion, S and Ureta-Vidal, A and Vogel, J and White, S and Woodwark, C and Hubbard, TJ",
  title   = "{Ensembl 2006.}",
  year    = "2006",
  journal = "Nucleic Acids Res",
  volume  = "34",
  number  = "Database issue",
  pages   = "D556-61"
}

@article{PMID_16381966,
  author  = "Jaiswal, P and Ni, J and Yap, I and Ware, D and Spooner, W and Youens-Clark, K and Ren, L and Liang, C and Zhao, W and Ratnapu, K and Faga, B and Canaran, P and Fogleman, M and Hebbard, C and Avraham, S and Schmidt, S and Casstevens, TM and Buckler, ES and Stein, L and McCouch, S",
  title   = "{Gramene: a bird's eye view of cereal genomes.}",
  year    = "2006",
  journal = "Nucleic Acids Res",
  volume  = "34",
  number  = "Database issue",
  pages   = "D717-23"
}

@article{PMID_16381917,
  author  = "Grumbling, G and Strelets, V",
  title   = "{FlyBase: anatomical data, images and queries.}",
  year    = "2006",
  journal = "Nucleic Acids Res",
  volume  = "34",
  number  = "Database issue",
  pages   = "D484-8"
}

@article{PMID_11667947,
  author  = "Dowell, RD and Jokerst, RM and Day, A and Eddy, SR and Stein, L",
  title   = "{The distributed annotation system.}",
  year    = "2001",
  journal = "BMC Bioinformatics",
  volume  = "2",
  number  = "",
  pages   = "7"
}

@article{wormbase,
  author  = "Schwarz, EM and Antoshechkin, I and Bastiani, C and Bieri, T and Blasiar, D and Canaran, P and Chan, J and Chen, N and Chen, WJ and Davis, P and Fiedler, TJ and Girard, L and Harris, TW and Kenny, EE and Kishore, R and Lawson, D and Lee, R and M{\"{u}}ller, HM and Nakamura, C and Ozersky, P and Petcherski, A and Rogers, A and Spooner, W and Tuli, MA and Van Auken, K and Wang, D and Durbin, R and Spieth, J and Stein, LD and Sternberg, PW",
  title   = "{WormBase: better software, richer content.}",
  year    = "2006",
  journal = "Nucleic Acids Res",
  volume  = "34",
  number  = "Database issue",
  pages   = "D475-8"
}


@article{mgid,
  author  = "Blake, JA and Eppig, JT and Bult, CJ and Kadin, JA and Richardson, JE",
  title   = "{The Mouse Genome Database (MGD): updates and enhancements.}",
  year    = "2006",
  journal = "Nucleic Acids Res",
  volume  = "34",
  number  = "Database issue",
  pages   = "D562-7"
}


@article{sgd,
  author  = "Dwight, SS and Balakrishnan, R and Christie, KR and Costanzo, MC and Dolinski, K and Engel, SR and Feierbach, B and Fisk, DG and Hirschman, J and Hong, EL and Issel-Tarver, L and Nash, RS and Sethuraman, A and Starr, B and Theesfeld, CL and Andrada, R and Binkley, G and Dong, Q and Lane, C and Schroeder, M and Weng, S and Botstein, D and Cherry, JM",
  title   = "{\emph{Saccharomyces} genome database: underlying principles and organisation.}",
  year    = "2004",
  journal = "Brief Bioinform",
  volume  = "5",
  number  = "1",
  pages   = "9-22"
}


@article{ParameciumDB,
  author  = "Arnaiz, O and Cain, S and Cohen, J and Sperling, L",
  title   = "{ParameciumDB: a community resource that integrates the \emph{Paramecium tetraurelia} genome sequence with genetic data.}",
  year    = "2007",
  journal = "Nucleic Acids Res",
  volume  = "35",
  number  = "Database issue",
  pages   = "D439-44"
}


@article{PMID_12045153,
  author  = "Kent, WJ and Sugnet, CW and Furey, TS and Roskin, KM and Pringle, TH and Zahler, AM and Haussler, D",
  title   = "{The human genome browser at UCSC.}",
  year    = "2002",
  journal = "Genome Res",
  volume  = "12",
  number  = "6",
  pages   = "996-1006"
}

@article{ptgenome,
  author  = "Aury, JM and Jaillon, O and Duret, L and Noel, B and Jubin, C and Porcel, BM and S{\'{e}}gurens, B and Daubin, V and Anthouard, V and Aiach, N and Arnaiz, O and Billaut, A and Beisson, J and Blanc, I and Bouhouche, K and C{\^{a}}mara, F and Duharcourt, S and Guigo, R and Gogendeau, D and Katinka, M and Keller, AM and Kissmehl, R and Klotz, C and Koll, F and Le Mou{\"{e}}l, A and Lep{\`{e}}re, G and Malinsky, S and Nowacki, M and Nowak, JK and Plattner, H and Poulain, J and Ruiz, F and Serrano, V and Zagulski, M and Dessen, P and B{\'{e}}termier, M and Weissenbach, J and Scarpelli, C and Sch{\"{a}}chter, V and Sperling, L and Meyer, E and Cohen, J and Wincker, P",
  title   = "{Global trends of whole-genome duplications revealed by the ciliate \emph{Paramecium tetraurelia}.}",
  year    = "2006",
  journal = "Nature",
  volume  = "444",
  number  = "7116",
  pages   = "171-8"
}

@article{Zagulski,
  author  = "Zagulski, M and Nowak, JK and Le Mou{\"{e}}l, A and Nowacki, M and Migdalski, A and Gromadka, R and No{\"{e}}l, B and Blanc, I and Dessen, P and Wincker, P and Keller, AM and Cohen, J and Meyer, E and Sperling, L",
  title   = "{High coding density on the largest \emph{Paramecium tetraurelia} somatic chromosome.}",
  year    = "2004",
  journal = "Curr Biol",
  volume  = "14",
  number  = "15",
  pages   = "1397-404"
}

@article{PMID_10802651,
  author  = "Ashburner, M and Ball, CA and Blake, JA and Botstein, D and Butler, H and Cherry, JM and Davis, AP and Dolinski, K and Dwight, SS and Eppig, JT and Harris, MA and Hill, DP and Issel-Tarver, L and Kasarskis, A and Lewis, S and Matese, JC and Richardson, JE and Ringwald, M and Rubin, GM and Sherlock, G",
  title   = "{Gene ontology: tool for the unification of biology. The Gene Ontology Consortium.}",
  year    = "2000",
  journal = "Nat Genet",
  volume  = "25",
  number  = "1",
  pages   = "25-9"
}

