@article{keates,
    author  = "Keates, S and Clarkson, PJ",
    title   = "{Combining utility, usability and accessibility methods for universal access}",
    year    = "2001",
    journal = "ACM CHI Workshop on Universal Design, Seattle"
}

@article{bioperl,
  author="Stajich, JE and Block, D and Boulez, K and Brenner, SE and Chervitz, SA and Dagdigian, C and Fuellen, G and Gilbert, JG and Korf, I and Lapp, H and Lehvaslaiho, H and Matsalla, C and Mungall, CJ and Osborne, BI and Pocock, MR and Schattner, P and Senger, M and Stein, LD and Stupka, E and Wilkinson, MD and Birney, E",
  title="{The Bioperl Toolkit: Perl modules for the life sciences.}",
  year="2002",
  journal="Genome Res",
  volume="12",
  number="10",
  pages="1611-8",
}

@article{blat,
  author="Kent, WJ",
  title="{BLAT -- the BLAST-like alignment tool.}",
  year="2002",
  journal="Genome Res",
  volume="12",
  number="4",
  pages="656-64",
}

@article{bioconductor,
  author="Gentleman, RC and Carey, VJ and Bates, DM and Bolstad, B and Dettling, M and Dudoit, S and Ellis, B and Gautier, L and Ge, Y and Gentry, J and Hornik, K and Hothorn, T and Huber, W and Iacus, S and Irizarry, R and Leisch, F and Li, C and Maechler, M and Rossini, JA and Sawitzki, G and Smith, C and Smyth, C and Smyth, G and Tierney, L and Yang, JY and Zhang, J",
  title="{Bioconductor: open source development for computational biology and bioinformatics.}",
  year="2004",
  journal="Genome Biol",
  volume="5",
  number="10",
  pages="R80",
}

@article{gbrowse,
  author="Stein, LD and Mungall, C and Shu, S and Caudy, M and Mangone, M and Day, A and Nickerson, E and Stajich, JE and Harris, TW and Arva, A and Lewis, S",
  title="{The generic genome browser: a building block for a model organism system database.}",
  year="2002",
  journal="Genome Res",
  volume="12",
  number="10",
  pages="1599-610"
}

@article{osi,
    title="Open Source Initiative - Licensing",
    journal="http://www.opensource.org/licenses/index.php"
}

@article{couch,
    author="Couch, Alva",
    title="SLINK: Effective Filesystem Maintenance Abstractions for Community-Based Administration",
    year="1996",
    journal="Proceedings LISA San Diego, CA",
}

@article{vidal,
    author="Vidal, Seth",
    title="Yellow dog Updater, Modified (YUM) Project",
    journal="http://linux.duke.edu/projects/yum/"
}

@article{bodnar,
    author="Bodnar, Ladislav",
    title="Is RPM Doomed?",
    journal="http://www.distrowatch.com/article-rpm.php"
}

@article{hess,
    author="Hess, Joey",
    title="A comparison of the deb, rpm, tgz, slp, and pkg package formats",
    journal="http://www.kitenet.net/~joey/pkg-comp/"
}

@article{soap,
    author="Pillai, S and Silventoinen, K and Kallio, M and Senger, S and Sobhany, J and Tate, S andVelankar, S and Golovin, A and Henrick, K and Rice, P and Stoehr, P and Lopez, R",
    title="{SOAP-based services provided by the European Bioinformatics Institute}",
    year="2005",
    journal="Nucleic Acids Res",
    volume="33",
    pages="W25-W28"
}
@article{PMID_15867433,
  author  = "Natsoulis, G and El Ghaoui, L and Lanckriet, GR and Tolley, AM and Leroy, F and Dunlea, S and Eynon, BP and Pearson, CI and Tugendreich, S and Jarnagin, K",
  title   = "{Classification of a large microarray data set: algorithm comparison and analysis of drug signatures.}",
  year    = "2005",
  journal = "Genome Res",
  volume  = "15",
  number  = "5",
  pages   = "724-36"
}

@article{PMID_15958165,
  author  = "Jirapech-Umpai, T and Aitken, S",
  title   = "{Feature selection and classification for microarray data analysis: evolutionary methods for identifying predictive genes.}",
  year    = "2005",
  journal = "BMC Bioinformatics",
  volume  = "6",
  number  = "",
  pages   = "148"
}

@article{PMID_16046822,
  author  = "Mao, Y and Zhou, X and Pi, D and Sun, Y and Wong, ST",
  title   = "{Multiclass cancer classification by using fuzzy support vector machine and binary decision tree with gene selection.}",
  year    = "2005",
  journal = "J Biomed Biotechnol",
  volume  = "2005",
  number  = "2",
  pages   = "160-71"
}

@article{PMID_15070405,
  author  = "Munagala, K and Tibshirani, R and Brown, PO",
  title   = "{Cancer characterization and feature set extraction by discriminative margin clustering.}",
  year    = "2004",
  journal = "BMC Bioinformatics",
  volume  = "5",
  number  = "",
  pages   = "21"
}

@article{PMID_16046827,
  author  = "Hand, DJ and Heard, NA",
  title   = "{Finding groups in gene expression data.}",
  year    = "2005",
  journal = "J Biomed Biotechnol",
  volume  = "2005",
  number  = "2",
  pages   = "215-25"
}

@article{PMID_15450124,
  author  = "Liu, B and Cui, Q and Jiang, T and Ma, S",
  title   = "{A combinational feature selection and ensemble neural network method for classification of gene expression data.}",
  year    = "2004",
  journal = "BMC Bioinformatics",
  volume  = "5",
  number  = "",
  pages   = "136"
}

@article{PMID_15113444,
  author  = "Berman, JJ",
  title   = "{Tumor classification: molecular analysis meets Aristotle.}",
  year    = "2004",
  journal = "BMC Cancer",
  volume  = "4",
  number  = "",
  pages   = "10"
}

@article{PMID_12642676,
  author  = "Zhang, H and Yu, CY and Singer, B",
  title   = "{Cell and tumor classification using gene expression data: construction of forests.}",
  year    = "2003",
  journal = "Proc Natl Acad Sci U S A",
  volume  = "100",
  number  = "7",
  pages   = "4168-72"
}

@article{PMID_12553886,
  author  = "Azuaje, F",
  title   = "{Genomic data sampling and its effect on classification performance assessment.}",
  year    = "2003",
  journal = "BMC Bioinformatics",
  volume  = "4",
  number  = "",
  pages   = "5"
}

@article{PMID_14651757,
  author  = "Wang, J and B{\o}, TH and Jonassen, I and Myklebost, O and Hovig, E",
  title   = "{Tumor classification and marker gene prediction by feature selection and fuzzy c-means clustering using microarray data.}",
  year    = "2003",
  journal = "BMC Bioinformatics",
  volume  = "4",
  number  = "",
  pages   = "60"
}

@article{PMID_11983058,
  author  = "B{\o}, T and Jonassen, I",
  title   = "{New feature subset selection procedures for classification of expression profiles.}",
  year    = "2002",
  journal = "Genome Biol",
  volume  = "3",
  number  = "4",
  pages   = "RESEARCH0017"
}

@article{PMID_11381113,
  author  = "Zhang, H and Yu, CY and Singer, B and Xiong, M",
  title   = "{Recursive partitioning for tumor classification with gene expression microarray data.}",
  year    = "2001",
  journal = "Proc Natl Acad Sci U S A",
  volume  = "98",
  number  = "12",
  pages   = "6730-5"
}

# PMID_11983058 ref 4

  @article{PMID_173481048,
    author  = "Khan, J and Wei, JS and Ringn¿, M and Saal, LH and Ladanyi, M and Westermann, F and Berthold, F and Schwab, M and Antonescu, CR and Peterson, C and Meltzer, PS",
    title   = "{Classification and diagnostic prediction of cancers using gene expression profiling and artificial neural networks.}",
    year    = "2001",
    journal = "Nat Med",
    volume  = "7",
    number  = "6",
    pages   = "673-9"
  }

@article{PMID_15217521,
  author  = "Jiang, H and Deng, Y and Chen, HS and Tao, L and Sha, Q and Chen, J and Tsai, CJ and Zhang, S",
  title   = "{Joint analysis of two microarray gene-expression data sets to select lung adenocarcinoma marker genes.}",
  year    = "2004",
  journal = "BMC Bioinformatics",
  volume  = "5",
  number  = "",
  pages   = "81"
}

@article{PMID_11126130,
  author  = "Xiong, M and Jin, L and Li, W and Boerwinkle, E",
  title   = "{Computational methods for gene expression-based tumor classification.}",
  year    = "2000",
  journal = "Biotechniques",
  volume  = "29",
  number  = "6",
  pages   = "1264-8, 1270"
}

@article{PMID_144923264,
    author  = "Bowers, PM and Cokus, SJ and Eisenberg, D and Yeates, TO",
    title   = "{Use of logic relationships to decipher protein network organization.}",
    year    = "2004",
    journal = "Science",
    volume  = "306",
    number  = "5705",
    pages   = "2246-9"
  }

@article{PMID_170746732,
    author  = "Bowers, PM and O'Connor, BD and Cokus, SJ and Sprinzak, E and Yeates, TO and Eisenberg, D",
    title   = "{Utilizing logical relationships in genomic data to decipher cellular processes.}",
    year    = "2005",
    journal = "FEBS J",
    volume  = "272",
    number  = "20",
    pages   = "5110-8"
  }

@article{PMID_15774621,
  author  = "Soulier, J and Clappier, E and Cayuela, JM and Regnault, A and García-Peydró, M and Dombret, H and Baruchel, A and Toribio, ML and Sigaux, F",
  title   = "{HOXA genes are included in genetic and biologic networks defining human acute T-cell leukemia (T-ALL).}",
  year    = "2005",
  journal = "Blood",
  volume  = "106",
  number  = "1",
  pages   = "274-86"
}

@article{PMID_15374961,
  author  = "Freije, WA and Castro-Vargas, FE and Fang, Z and Horvath, S and Cloughesy, T and Liau, LM and Mischel, PS and Nelson, SF",
  title   = "{Gene expression profiling of gliomas strongly predicts survival.}",
  year    = "2004",
  journal = "Cancer Res",
  volume  = "64",
  number  = "18",
  pages   = "6503-10"
}

@article{PMID_16141321,
  author  = "Miller, LD and Smeds, J and George, J and Vega, VB and Vergara, L and Ploner, A and Pawitan, Y and Hall, P and Klaar, S and Liu, ET and Bergh, J",
  title   = "{An expression signature for p53 status in human breast cancer predicts mutation status, transcriptional effects, and patient survival.}",
  year    = "2005",
  journal = "Proc Natl Acad Sci U S A",
  volume  = "102",
  number  = "38",
  pages   = "13550-5"
}


@article{PMID_154652968,
    author  = "Jeffery, IB and Higgins, DG and Culhane, AC",
    title   = "{Comparison and evaluation of methods for generating differentially expressed gene lists from microarray data.}",
    year    = "2006",
    journal = "BMC Bioinformatics",
    volume  = "7",
    number  = "",
    pages   = "359"
  }
  
  @article{PMID_171420824,
    author  = "Li, T and Zhang, C and Ogihara, M",
    title   = "{A comparative study of feature selection and multiclass classification methods for tissue classification based on gene expression.}",
    year    = "2004",
    journal = "Bioinformatics",
    volume  = "20",
    number  = "15",
    pages   = "2429-37"
  }
  
  @article{PMID_146536352,
    author  = "Su, Y and Murali, TM and Pavlovic, V and Schaffer, M and Kasif, S",
    title   = "{RankGene: identification of diagnostic genes based on expression data.}",
    year    = "2003",
    journal = "Bioinformatics",
    volume  = "19",
    number  = "12",
    pages   = "1578-9"
  }
  
  
 @article{PMID_164182572,
    author  = "Golub, TR and Slonim, DK and Tamayo, P and Huard, C and Gaasenbeek, M and Mesirov, JP and Coller, H and Loh, ML and Downing, JR and Caligiuri, MA and Bloomfield, CD and Lander, ES",
    title   = "{Molecular classification of cancer: class discovery and class prediction by gene expression monitoring.}",
    year    = "1999",
    journal = "Science",
    volume  = "286",
    number  = "5439",
    pages   = "531-7"
  }

@article{PMID_142984576,
    author  = "Alon, U and Barkai, N and Notterman, DA and Gish, K and Ybarra, S and Mack, D and Levine, AJ",
    title   = "{Broad patterns of gene expression revealed by clustering analysis of tumor and normal colon tissues probed by oligonucleotide arrays.}",
    year    = "1999",
    journal = "Proc Natl Acad Sci U S A",
    volume  = "96",
    number  = "12",
    pages   = "6745-50"
  }

  @article{PMID_144724572,
    author  = "Alizadeh, AA and Eisen, MB and Davis, RE and Ma, C and Lossos, IS and Rosenwald, A and Boldrick, JC and Sabet, H and Tran, T and Yu, X and Powell, JI and Yang, L and Marti, GE and Moore, T and Hudson, J and Lu, L and Lewis, DB and Tibshirani, R and Sherlock, G and Chan, WC and Greiner, TC and Weisenburger, DD and Armitage, JO and Warnke, R and Levy, R and Wilson, W and Grever, MR and Byrd, JC and Botstein, D and Brown, PO and Staudt, LM",
    title   = "{Distinct types of diffuse large B-cell lymphoma identified by gene expression profiling.}",
    year    = "2000",
    journal = "Nature",
    volume  = "403",
    number  = "6769",
    pages   = "503-11"
  }

  @article{blum_1997,
    author  = "Blum, A and Langley, P",
    title   = "{Selection of relevant features and examples in machine learning.}",
    year    = "1997",
    journal = "Artificial Intelligence",
    volume  = "97",
    number  = "",
    pages   = "245-71"
  }

@article{PMID_15219288,
  author  = "Inza, I and Larra{\~{n}}aga, P and Blanco, R and Cerrolaza, AJ",
  title   = "{Filter versus wrapper gene selection approaches in DNA microarray domains.}",
  year    = "2004",
  journal = "Artif Intell Med",
  volume  = "31",
  number  = "2",
  pages   = "91-103"
}

@article{Loh_1997,
  author  = "Loh, WY and Shih YS",
  title   = "{Split selection methods for classification trees}",
  year    = "1997",
  journal = "Statistica Sinica",
  volume  = "7",
  number  = "",
  pages   = "815-40"
}

@article{PMID_147973696,
    author  = "Chow, ML and Moler, EJ and Mian, IS",
    title   = "{Identifying marker genes in transcription profiling data using a mixture of feature relevance experts.}",
    year    = "2001",
    journal = "Physiol Genomics",
    volume  = "5",
    number  = "2",
    pages   = "99-111"
  }

# something to look at

@article{PMID_155727912,
    author  = "Cho, JH and Lee, D and Park, JH and Lee, IB",
    title   = "{Gene selection and classification from microarray data using kernel machine.}",
    year    = "2004",
    journal = "FEBS Lett",
    volume  = "571",
    number  = "1-3",
    pages   = "93-8"
}  

@article{Murthy_1998,
  author  = "Murthy, SK",
  title   = "{Automatic construction of decision trees from data: a multi-disciplinary survey.}",
  year    = "1998",
  journal = "Data Mining and Knowledge Discovery",
  volume  = "2",
  pages   = "345-89"
}

@article{Burges_1998,
  author  = "Burges, CJC",
  title   = "{A tutorial on support vector machines for pattern recognition.}",
  year    = "1998",
  journal = "Data Mining and Knowledge Discovery",
  volume  = "2",
  pages   = "121-67"
}


@incollection{Dudoit_2003,
  author = "Dudoit, S and Fridlyand J",
  title = "Classification in microarray experiments.",
  booktitle = "Statistical Analysis of Gene Expression Microarray Data",
  publisher = "Chapman and Hall/CRC",
  year = "2003",
  editor = "Speed, T"
}

@inproceedings{golub_pmetric,
    author = "Donna K. Slonim and Pablo Tamayo and Jill P. Mesirov and Todd R. Golub and Eric S. Lander",
    title = "Class prediction and discovery using gene expression data",
    booktitle = "{RECOMB}",
    pages = "263-272",
    year = "2000",
    url = "citeseer.ist.psu.edu/slonim00class.html"
} 

@inproceedings{Koller_1996,
  author  = "Koller, D and Sahami, M",
  title   = "{Toward optimal feature selection.}",
  year    = "1996",
  booktitle = "Proceedings of the Thirteenth International Conference on Machine Learning",
  volume = "96",
  pages   = "284-92"
}

@inproceedings{Ng_1998,
  author  = "Ng AY",
  title   = "{On feature selection: Learning with exponentially many irrelevant features as training examples.}",
  year    = "1998",
  booktitle = "Proceedings of the Fifthteenth International Conference on Machine Learning",
}

# I don't know if this is correct, it's from the original LA paper

@incollection{Theil_1972,
  author = "Theil, H",
  title = "{Statistical Decomposition Analysis with Applications in the Social and Administrative Sciences, vol.}",
  booktitle = "Studies in Mathematical and Managerial Economics",
  publisher = "",
  address = "North-Holland, Amsterdam",
  year = "1972"
}

@book{Bellman_1957,
  author = "Bellman, RE",
  title = "{Dynamic Programming.}",
  publisher = "Princeton University Press",
  address = "Princeton, NJ",
  year = "1957"
}

@book{Wit_2004,
  author = "Wit, E and McClure, J",
  title = "{Statistics for microarrays: Design, Analysis, and Inference.}",
  publisher = "John Wiley and Sons, Ltd",
  address = "West Sussex, England",
  year = "2004"
}

@book{Hastie_2001,
  author = "Hastie, T and Tibshirani, R and Friedman, J",
  title = "{The Elements of Statistical Learning; Data Mining, Inference and Prediction.}",
  publisher = "Springer-Verlag",
  address = "New York",
  year = "2001"
}

# this should be redone as an incollection

@book{Berrar_2003,
    editor = "Berrar, DP and Dubitzky, W and Granzow, M",
    title  = "{A Practical Approach to Microarray Data Analysis}",
    publisher = "Kluwer Academic Publishers",
    address = "Boston",
    year = "2003"
}

@incollection{Xing_2003,
    editor = "Berrar, DP and Dubitzky, W and Granzow, M",
    author = "Xing, EP",
    title = "{Feature Selection in Microarray Analysis}",
    booktitle  = "{A Practical Approach to Microarray Data Analysis}",
    publisher = "Kluwer Academic Publishers",
    address = "Boston",
    year = "2003"
}

@incollection{Dubitzky2003IMD,
    editor = "Berrar, DP and Dubitzky, W and Granzow, M",
    author = "Dubitzky, W and Granzow, M and Downes, CS and Berrar, D",
    title = "{Introduction to Microarray Data Analysis}",
    booktitle  = "{A Practical Approach to Microarray Data Analysis}",
    publisher = "Kluwer Academic Publishers",
    address = "Boston",
    year = "2003"
}

@incollection{Dudoit2003ICM,
    editor = "Berrar, DP and Dubitzky, W and Granzow, M",
    author = "Dudoit, S and Fridlyand, J",
    title = "{Introduction to Classification in Microarray Experiments}",
    booktitle  = "{A Practical Approach to Microarray Data Analysis}",
    publisher = "Kluwer Academic Publishers",
    address = "Boston",
    year = "2003"
}

@incollection{Azuaje2003cge,
    editor = "Berrar, DP and Dubitzky, W and Granzow, M",
    author = "Azuaje, F and Bolshakova, N",
    title = "{Clustering Genomic Expression Data: Design and Evaluation Principles}",
    booktitle  = "{A Practical Approach to Microarray Data Analysis}",
    publisher = "Kluwer Academic Publishers",
    address = "Boston",
    year = "2003"
}

@incollection{Stanford2003cac,
    editor = "Berrar, DP and Dubitzky, W and Granzow, M",
    author = "Stanford, D and Clarkson, DB and Hoering, A",
    title = "{Clustering or Automatic Class Discovery: Hierarchical Methods}",
    booktitle  = "{A Practical Approach to Microarray Data Analysis}",
    publisher = "Kluwer Academic Publishers",
    address = "Boston",
    year = "2003"
}

@book{Cover_1991,
    editor = "Cover, T and Thomas, J",
    title  = "{Elements of Information Theory}",
    publisher = "Wiley",
    address = "New York",
    year = "2003"
}

# decision trees, Berrar chpt 10 section 4

@book{Breiman_1984,
    editor = "Breiman, L and Friedman, JH and Olshen, RA and Stone CJ",
    title  = "{Classification and Regression Trees}",
    publisher = "Wadsworth",
    address = "New York",
    year = "1984"
}



# blank

@article{empty,
  author  = "",
  title   = "{}",
  year    = "",
  journal = "",
  volume  = "",
  number  = "",
  pages   = ""
}
@article{PMID_11242594,
  author  = "Chow, ML and Moler, EJ and Mian, IS",
  title   = "{Identifying marker genes in transcription profiling data using a mixture of feature relevance experts.}",
  year    = "2001",
  journal = "Physiol Genomics",
  volume  = "5",
  number  = "2",
  pages   = "99-111"
}

@article{PMID_16930136,
  author  = "Ladenstein, R and Ren, B",
  title   = "{Protein disulfides and protein disulfide oxidoreductases in hyperthermophiles.}",
  year    = "2006",
  journal = "FEBS J",
  volume  = "273",
  number  = "18",
  pages   = "4170-85"
}

@article{PMID_17055583,
  author  = "Rigby Duncan, KE and Stillman, MJ",
  title   = "{Metal-dependent protein folding: metallation of metallothionein.}",
  year    = "2006",
  journal = "J Inorg Biochem",
  volume  = "100",
  number  = "12",
  pages   = "2101-7"
}

@article{PMID_16815912,
  author  = "Razvi, A and Scholtz, JM",
  title   = "{Lessons in stability from thermophilic proteins.}",
  year    = "2006",
  journal = "Protein Sci",
  volume  = "15",
  number  = "7",
  pages   = "1569-78"
}

@article{PMID_16756497,
  author  = "Siddiqui, KS and Cavicchioli, R",
  title   = "{Cold-adapted enzymes.}",
  year    = "2006",
  journal = "Annu Rev Biochem",
  volume  = "75",
  number  = "",
  pages   = "403-33"
}

@article{PMID_15493982,
  author  = "Ellgaard, L",
  title   = "{Catalysis of disulphide bond formation in the endoplasmic reticulum.}",
  year    = "2004",
  journal = "Biochem Soc Trans",
  volume  = "32",
  number  = "Pt 5",
  pages   = "663-7"
}

@article{PMID_15288760,
  author  = "Gromiha, MM and Selvaraj, S",
  title   = "{Inter-residue interactions in protein folding and stability.}",
  year    = "2004",
  journal = "Prog Biophys Mol Biol",
  volume  = "86",
  number  = "2",
  pages   = "235-77"
}

@article{PMID_16533917,
  author  = "Guo, W and Shea, JE and Berry, RS",
  title   = "{The physics of the interactions governing folding and association of proteins.}",
  year    = "2005",
  journal = "Ann N Y Acad Sci",
  volume  = "1066",
  number  = "",
  pages   = "34-53"
}

@article{PMID_15893966,
  author  = "Scharnagl, C and Reif, M and Friedrich, J",
  title   = "{Stability of proteins: temperature, pressure and the role of the solvent.}",
  year    = "2005",
  journal = "Biochim Biophys Acta",
  volume  = "1749",
  number  = "2",
  pages   = "187-213"
}

@article{PMID_10775659,
  author  = "Kumar, S and Tsai, CJ and Nussinov, R",
  title   = "{Factors enhancing protein thermostability.}",
  year    = "2000",
  journal = "Protein Eng",
  volume  = "13",
  number  = "3",
  pages   = "179-91"
}

@article{PMID_11403885,
  author  = "Gromiha, MM",
  title   = "{Important inter-residue contacts for enhancing the thermal stability of thermophilic proteins.}",
  year    = "2001",
  journal = "Biophys Chem",
  volume  = "91",
  number  = "1",
  pages   = "71-7"
}

@article{PMID_9670797,
  author  = "Ladenstein, R and Antranikian, G",
  title   = "{Proteins from hyperthermophiles: stability and enzymatic catalysis close to the boiling point of water.}",
  year    = "1998",
  journal = "Adv Biochem Eng Biotechnol",
  volume  = "61",
  number  = "",
  pages   = "37-85"
}

@article{PMID_12631705,
  author  = "Alter, O and Brown, PO and Botstein, D",
  title   = "{Generalized singular value decomposition for comparative analysis of genome-scale expression data sets of two different organisms.}",
  year    = "2003",
  journal = "Proc Natl Acad Sci U S A",
  volume  = "100",
  number  = "6",
  pages   = "3351-6"
}

@article{PMID_15205339,
  author  = "Hatakeyama, S and Ohyama, C and Minagawa, S and Inoue, T and Kakinuma, H and Kyan, A and Arai, Y and Suga, T and Nakayama, J and Kato, T and Habuchi, T and Fukuda, MN",
  title   = "{Functional correlation of trophinin expression with the malignancy of testicular germ cell tumor.}",
  year    = "2004",
  journal = "Cancer Res",
  volume  = "64",
  number  = "12",
  pages   = "4257-62"
}

@article{PMID_17254769,
  author  = "Chen, KY and Lee, YC and Lai, JM and Chang, YL and Lee, YC and Yu, CJ and Huang, CY and Yang, PC",
  title   = "{Identification of trophinin as an enhancer for cell invasion and a prognostic factor for early stage lung cancer.}",
  year    = "2007",
  journal = "Eur J Cancer",
  volume  = "43",
  number  = "4",
  pages   = "782-90"
}

@article{PMID_11518967,
  author  = "Dhanasekaran, SM and Barrette, TR and Ghosh, D and Shah, R and Varambally, S and Kurachi, K and Pienta, KJ and Rubin, MA and Chinnaiyan, AM",
  title   = "{Delineation of prognostic biomarkers in prostate cancer.}",
  year    = "2001",
  journal = "Nature",
  volume  = "412",
  number  = "6849",
  pages   = "822-6"
}

@article{PMID_9129046,
  author  = "Aigner, S and Sthoeger, ZM and Fogel, M and Weber, E and Zarn, J and Ruppert, M and Zeller, Y and Vestweber, D and Stahel, R and Sammar, M and Altevogt, P",
  title   = "{CD24, a mucin-type glycoprotein, is a ligand for P-selectin on human tumor cells.}",
  year    = "1997",
  journal = "Blood",
  volume  = "89",
  number  = "9",
  pages   = "3385-95"
}

@article{ murthy94system,
    author = "Sreerama K. Murthy and Simon Kasif and Steven Salzberg",
    title = "A System for Induction of Oblique Decision Trees",
    journal = "Journal of Artificial Intelligence Research",
    volume = "2",
    pages = "1-32",
    year = "1994",
    url = "citeseer.ist.psu.edu/murthy94system.html" }


@book{551944,
 author = {Huan Liu and Hiroshi Motoda},
 title = {Feature Selection for Knowledge Discovery and Data Mining},
 year = {1998},
 isbn = {079238198X},
 publisher = {Kluwer Academic Publishers},
 address = {Norwell, MA, USA},
 }

@article{benbassat1982pra,
  title={{Pattern recognition and reduction of dimensionality}},
  author={Ben-Bassat, M.},
  journal={Handbook of Statistics},
  pages={773--791},
  year={1982}
}

@article{dudoit2002smi,
  title={{Statistical methods for identifying differentially expressed genes in replicated cDNA microarray experiments}},
  author={Dudoit, S. and Yang, Y.H. and Callow, M.J. and Speed, T.P.},
  journal={Statistica Sinica},
  volume={12},
  number={1},
  pages={111--139},
  year={2002}
}

@article{efron2000mat,
  title={{Microarrays and their use in a comparative experiment}},
  author={Efron, B. and Tibshirani, R. and Goss, V. and Chu, G.},
  journal={Manuscript (available at http://www-stat. stanford. edu/~ tibs/research. html)},
  year={2000}
}

@article{furey2000svm,
  title={{Support vector machine classification and validation of cancer tissue samples using microarray expression data}},
  author={Furey, T.S. and Cristianini, N. and Duffy, N. and Bednarski, D.W. and Schummer, M. and Haussler, D.},
  journal={Bioinformatics},
  volume={16},
  number={10},
  pages={906--914},
  year={2000}
}

@article{guyon2002gsc,
  title={{Gene Selection for Cancer Classification using Support Vector Machines}},
  author={Guyon, I. and Weston, J. and Barnhill, S. and Vapnik, V.},
  journal={Machine Learning},
  volume={46},
  number={1},
  pages={389--422},
  year={2002},
  publisher={Springer}
}

@article{weston2000fss,
  title={{Feature selection for SVMs}},
  author={Weston, J. and Mukherjee, S. and Chapelle, O. and Pontil, M. and Poggio, T. and Vapnik, V.},
  journal={Advances in Neural Information Processing Systems},
  volume={13},
  pages={668--674},
  year={2000}
}

@book{breiman1984car,
  title={{Classification and Regression Trees}},
  author={Breiman, L.},
  year={1984},
  publisher={Chapman \& Hall/CRC}
}

@article{murthy1994sio,
  title={{A System for Induction of Oblique Decision Trees}},
  author={Murthy, SK and Kasif, S. and Salzberg, S.},
  journal={Journal of Artificial Intelligence Research},
  volume={2},
  pages={1-32},
  year={1994}
}

@article{murthy1998acd,
  title={{Automatic Construction of Decision Trees from Data: A Multi-Disciplinary Survey}},
  author={Murthy, S.K.},
  journal={Data Mining and Knowledge Discovery},
  volume={2},
  number={4},
  pages={345--389},
  year={1998},
  publisher={Springer}
}
@article{su2003rid,
  title={{RankGene: identification of diagnostic genes based on expression data}},
  author={Su, Y. and Murali, TM and Pavlovic, V. and Schaffer, M. and Kasif, S.},
  journal={Bioinformatics},
  volume={19},
  number={12},
  pages={1578--1579},
  year={2003}
}

@article{pellegrini1999apf,
  title={{Assigning protein functions by comparative genome analysis: Protein phylogenetic profiles}},
  author={Pellegrini, M. and Marcotte, E.M. and Thompson, M.J. and Eisenberg, D. and Yeates, T.O.},
  journal={Proc. Natl. Acad. Sci. U.S.A.},
  volume={96},
  number={4285},
  year={1999},
  publisher={National Acad Sciences}
}

@article{lee2006tsc,
  title={{Tumor stem cells derived from glioblastomas cultured in bFGF and EGF more closely mirror the phenotype and genotype of primary tumors than do serum-cultured cell lines}},
  author={Lee, J. and Kotliarova, S. and Kotliarov, Y. and Li, A. and Su, Q. and Donin, N.M. and Pastorino, S. and Purow, B.W. and Christopher, N. and Zhang, W. and others},
  journal={Cancer Cell},
  volume={9},
  number={5},
  pages={391--403},
  year={2006}
}

@article{PMID_15899794,
  author  = "Rich, JN and Hans, C and Jones, B and Iversen, ES and McLendon, RE and Rasheed, BK and Dobra, A and Dressman, HK and Bigner, DD and Nevins, JR and West, M",
  title   = "{Gene expression profiling and genetic markers in glioblastoma survival.}",
  year    = "2005",
  journal = "Cancer Res",
  volume  = "65",
  number  = "10",
  pages   = "4051-8"
}

@article{phillips2006msh,
  title={{Molecular subclasses of high-grade glioma predict prognosis, delineate a pattern of disease progression, and resemble stages in neurogenesis}},
  author={Phillips, H.S. and Kharbanda, S. and Chen, R. and Forrest, W.F. and Soriano, R.H. and Wu, T.D. and Misra, A. and Nigro, J.M. and Colman, H. and Soroceanu, L. and others},
  journal={Cancer Cell},
  volume={9},
  number={5},
  pages={157--173},
  year={2006}
}

@article{li2003dca,
  title={{DNA-Chip Analyzer (dChip)}},
  author={Li, C. and Wong, W.H.},
  journal={The analysis of gene expression data: methods and software. New York: Springer},
  pages={120--141},
  year={2003}
}

@article{hosack2003ibt,
  title={{Identifying biological themes within lists of genes with EASE}},
  author={Hosack, D.A. and Dennis Jr, G. and Sherman, B.T. and Lane, H.C. and Lempicki, R.A.},
  journal={Genome Biol},
  volume={4},
  number={10},
  pages={R70},
  year={2003}
}

@article{edgar2002geo,
  title={{Gene Expression Omnibus: NCBI gene expression and hybridization array data repository}},
  author={Edgar, R. and Domrachev, M. and Lash, A.E.},
  journal={Nucleic Acids Research},
  volume={30},
  number={1},
  pages={207--210},
  year={2002}
}

@article{brazma2003apr,
  title={{ArrayExpress: a public repository for microarray gene expression data at the EBI}},
  author={Brazma, A. and Parkinson, H. and Sarkans, U. and Shojatalab, M. and Vilo, J. and Abeygunawardena, N. and Holloway, E. and Kapushesky, M. and Kemmeren, P. and Lara, G.G. and others},
  journal={Nucleic Acids Research},
  volume={31},
  number={1},
  pages={68--71},
  year={2003}
}

@article{PMID_15461798,
  author  = "Gentleman, RC and Carey, VJ and Bates, DM and Bolstad, B and Dettling, M and Dudoit, S and Ellis, B and Gautier, L and Ge, Y and Gentry, J and Hornik, K and Hothorn, T and Huber, W and Iacus, S and Irizarry, R and Leisch, F and Li, C and Maechler, M and Rossini, AJ and Sawitzki, G and Smith, C and Smyth, G and Tierney, L and Yang, JY and Zhang, J",
  title   = "{Bioconductor: open software development for computational biology and bioinformatics.}",
  year    = "2004",
  journal = "Genome Biol",
  volume  = "5",
  number  = "10",
  pages   = "R80"
}

@article{PMID_10963673,
  author  = "Alter, O and Brown, PO and Botstein, D",
  title   = "{Singular value decomposition for genome-wide expression data processing and modeling.}",
  year    = "2000",
  journal = "Proc Natl Acad Sci U S A",
  volume  = "97",
  number  = "18",
  pages   = "10101-6"
}

@article{PMID_15087314,
  author  = "Li, T and Zhang, C and Ogihara, M",
  title   = "{A comparative study of feature selection and multiclass classification methods for tissue classification based on gene expression.}",
  year    = "2004",
  journal = "Bioinformatics",
  volume  = "20",
  number  = "15",
  pages   = "2429-37"
}

@article{PMID_16428263,
  author  = "Choudhary, A and Brun, M and Hua, J and Lowey, J and Suh, E and Dougherty, ER",
  title   = "{Genetic test bed for feature selection.}",
  year    = "2006",
  journal = "Bioinformatics",
  volume  = "22",
  number  = "7",
  pages   = "837-42"
}

  @article{PMID_175688748,
    author  = "Wang, Y and Tetko, IV and Hall, MA and Frank, E and Facius, A and Mayer, KF and Mewes, HW",
    title   = "{Gene selection from microarray data for cancer classification--a machine learning approach.}",
    year    = "2005",
    journal = "Comput Biol Chem",
    volume  = "29",
    number  = "1",
    pages   = "37-46"
  }
  
  @article{PMID_175494656,
    author  = "Wang, J and B¿ TH and Jonassen, I and Myklebost, O and Hovig, E",
    title   = "{Tumor classification and marker gene prediction by feature selection and fuzzy c-means clustering using microarray data.}",
    year    = "2003",
    journal = "BMC Bioinformatics",
    volume  = "4",
    number  = "",
    pages   = "60"
  }


@article{PMID_15808822,
  author  = "Cuperlovic-Culf, M and Belacel, N and Ouellette, RJ",
  title   = "{Determination of tumour marker genes from gene expression data.}",
  year    = "2005",
  journal = "Drug Discov Today",
  volume  = "10",
  number  = "6",
  pages   = "429-37"
}


@article{PMID_15808822,
  author  = "Cuperlovic-Culf, M and Belacel, N and Ouellette, RJ",
  title   = "{Determination of tumour marker genes from gene expression data.}",
  year    = "2005",
  journal = "Drug Discov Today",
  volume  = "10",
  number  = "6",
  pages   = "429-37"
}  

@article{PMID_15607417,
  author  = "Mockler, TC and Chan, S and Sundaresan, A and Chen, H and Jacobsen, SE and Ecker, JR",
  title   = "{Applications of DNA tiling arrays for whole-genome analysis.}",
  year    = "2005",
  journal = "Genomics",
  volume  = "85",
  number  = "1",
  pages   = "1-15"
}  

@article{PMID_15843092,
  author  = "Brentani, RR and Carraro, DM and Verjovski-Almeida, S and Reis, EM and Neves, EJ and de Souza, SJ and Carvalho, AF and Brentani, H and Reis, LF",
  title   = "{Gene expression arrays in cancer research: methods and applications.}",
  year    = "2005",
  journal = "Crit Rev Oncol Hematol",
  volume  = "54",
  number  = "2",
  pages   = "95-105"
}  

@article{PMID_15867208,
  author  = "Lim, YP",
  title   = "{Mining the tumor phosphoproteome for cancer markers.}",
  year    = "2005",
  journal = "Clin Cancer Res",
  volume  = "11",
  number  = "9",
  pages   = "3163-9"
}  

@article{PMID_15881400,
  author  = "Majtán, T and Bukovská, G and Timko, J",
  title   = "{DNA microarrays--techniques and applications in microbial systems.}",
  year    = "2004",
  journal = "Folia Microbiol (Praha)",
  volume  = "49",
  number  = "6",
  pages   = "635-64"
}  

@article{PMID_15984334,
  author  = "Feilotter, HE",
  title   = "{Microarrays in veterinary diagnostics.}",
  year    = "2004",
  journal = "Anim Health Res Rev",
  volume  = "5",
  number  = "2",
  pages   = "249-55"
}  

@article{PMID_16216773,
  author  = "Fischer, HP",
  title   = "{Towards quantitative biology: integration of biological information to elucidate disease pathways and to guide drug discovery.}",
  year    = "2005",
  journal = "Biotechnol Annu Rev",
  volume  = "11",
  number  = "",
  pages   = "1-68"
}  

@article{PMID_16469505,
  author  = "Karssen, AM and Li, JZ and Her, S and Patel, PD and Meng, F and Evans, SJ and Vawter, MP and Tomita, H and Choudary, PV and Bunney, WE and Jones, EG and Watson, SJ and Akil, H and Myers, RM and Schatzberg, AF and Lyons, DM",
  title   = "{Application of microarray technology in primate behavioral neuroscience research.}",
  year    = "2006",
  journal = "Methods",
  volume  = "38",
  number  = "3",
  pages   = "227-34"
}  

@article{PMID_16512775,
  author  = "Ragoussis, J and Elvidge, G",
  title   = "{Affymetrix GeneChip system: moving from research to the clinic.}",
  year    = "2006",
  journal = "Expert Rev Mol Diagn",
  volume  = "6",
  number  = "2",
  pages   = "145-52"
}  

@article{PMID_16648115,
  author  = "Jares, P and Campo, E",
  title   = "{Genomic platforms for cancer research: potential diagnostic and prognostic applications in clinical oncology.}",
  year    = "2006",
  journal = "Clin Transl Oncol",
  volume  = "8",
  number  = "3",
  pages   = "161-72"
}  

@article{PMID_16700885,
  author  = "Jayapal, M and Melendez, AJ",
  title   = "{DNA microarray technology for target identification and validation.}",
  year    = "0",
  journal = "Clin Exp Pharmacol Physiol",
  volume  = "33",
  number  = "5-6",
  pages   = "496-503"
}  

@article{PMID_16825123,
  author  = "Jares, P",
  title   = "{DNA microarray applications in functional genomics.}",
  year    = "0",
  journal = "Ultrastruct Pathol",
  volume  = "30",
  number  = "3",
  pages   = "209-19"
}  

@article{PMID_16880944,
  author  = "Kumaresan, PR and Lam, KS",
  title   = "{Screening chemical microarrays: methods and applications.}",
  year    = "2006",
  journal = "Mol Biosyst",
  volume  = "2",
  number  = "5",
  pages   = "259-70"
}  

@article{PMID_16918486,
  author  = "Chen, T",
  title   = "{DNA microarrays--an armory for combating infectious diseases in the new century.}",
  year    = "2006",
  journal = "Infect Disord Drug Targets",
  volume  = "6",
  number  = "3",
  pages   = "263-79"
}  

@article{PMID_16961768,
  author  = "Weintraub, LA and Sarwal, MM",
  title   = "{Microarrays: a monitoring tool for transplant patients?}",
  year    = "2006",
  journal = "Transpl Int",
  volume  = "19",
  number  = "10",
  pages   = "775-88"
}  

@article{PMID_17195470,
  author  = "Fischer, HP and Freiberg, C",
  title   = "{Applications of transcriptional profiling in antibiotics discovery and development.}",
  year    = "2007",
  journal = "Prog Drug Res",
  volume  = "64",
  number  = "",
  pages   = "21, 23-47"
}  

@article{PMID_17168668,
  author  = "Puskás, LG and Ménesi, D and Fehér, LZ and Kitajka, K",
  title   = "{High-throughput functional genomic methods to analyze the effects of dietary lipids.}",
  year    = "2006",
  journal = "Curr Pharm Biotechnol",
  volume  = "7",
  number  = "6",
  pages   = "525-9"
}  

  @article{PMID_171385920,
    author  = "Tusher, VG and Tibshirani, R and Chu, G",
    title   = "{Significance analysis of microarrays applied to the ionizing radiation response.}",
    year    = "2001",
    journal = "Proc Natl Acad Sci U S A",
    volume  = "98",
    number  = "9",
    pages   = "5116-21"
  }


@article{PMID_142249476,
    author  = "Pan, W",
    title   = "{A comparative review of statistical methods for discovering differentially expressed genes in replicated microarray experiments.}",
    year    = "2002",
    journal = "Bioinformatics",
    volume  = "18",
    number  = "4",
    pages   = "546-54"
  }
  
  
@article{PMID_12702200,
  author  = "Cui, X and Churchill, GA",
  title   = "{Statistical tests for differential expression in cDNA microarray experiments.}",
  year    = "2003",
  journal = "Genome Biol",
  volume  = "4",
  number  = "4",
  pages   = "210"
}  

@article{PMID_11823860,
  author  = "van 't Veer, LJ and Dai, H and van de Vijver, MJ and He, YD and Hart, AA and Mao, M and Peterse, HL and van der Kooy, K and Marton, MJ and Witteveen, AT and Schreiber, GJ and Kerkhoven, RM and Roberts, C and Linsley, PS and Bernards, R and Friend, SH",
  title   = "{Gene expression profiling predicts clinical outcome of breast cancer.}",
  year    = "2002",
  journal = "Nature",
  volume  = "415",
  number  = "6871",
  pages   = "530-6"
}  

@article{PMID_12413821,
  author  = "Brazhnik, P and de la Fuente, A and Mendes, P",
  title   = "{Gene networks: how to put the function in genomics.}",
  year    = "2002",
  journal = "Trends Biotechnol",
  volume  = "20",
  number  = "11",
  pages   = "467-72"
}  

@article{PMID_12795415,
  author  = "Svrakic, NM and Nesic, O and Dasu, MR and Herndon, D and Perez-Polo, JR",
  title   = "{Statistical approach to DNA chip analysis.}",
  year    = "2003",
  journal = "Recent Prog Horm Res",
  volume  = "58",
  number  = "",
  pages   = "75-93"
}  

@article{PMID_12443997,
  author  = "Murphy, D",
  title   = "{Gene expression studies using microarrays: principles, problems, and prospects.}",
  year    = "2002",
  journal = "Adv Physiol Educ",
  volume  = "26",
  number  = "1-4",
  pages   = "256-70"
}  

@article{PMID_17265721,
  author  = "Wang, L and Luhm, R and Lei, M",
  title   = "{SNP and mutation analysis.}",
  year    = "2007",
  journal = "Adv Exp Med Biol",
  volume  = "593",
  number  = "",
  pages   = "105-16"
}  

@inproceedings{ john94irrelevant,
    author = "George H. John and Ron Kohavi and Karl Pfleger",
    title = "Irrelevant Features and the Subset Selection Problem",
    booktitle = "International Conference on Machine Learning",
    pages = "121-129",
    note = "Journal version in AIJ, available at http://citeseer.nj.nec.com/13663.html",
    year = "1994",
    url = "citeseer.ist.psu.edu/john94irrelevant.html" }


@article{derisi1997ema,
  title={{Exploring the Metabolic and Genetic Control of Gene Expression on a Genomic Scale}},
  author={DeRisi, J.L. and Iyer, V.R. and Brown, P.O.},
  journal={Science},
  volume={278},
  number={5338},
  pages={680},
  year={1997}
}

@article{yang2002wfa,
  title={{Within the fold: assessing differential expression measures and reproducibility in microarray assays}},
  author={Yang, I.V. and Chen, E. and Hasseman, J.P. and Liang, W. and Frank, B.C. and Wang, S. and Sharov, V. and Saeed, A.I. and White, J. and Li, J. and others},
  journal={Genome Biol},
  volume={3},
  number={11},
  pages={1--0062},
  year={2002}
}


@article{ma2003gep,
  title={{Gene expression profiles of human breast cancer progression}},
  author={Ma, X.J. and Salunga, R. and Tuggle, J.T. and Gaudet, J. and Enright, E. and McQuary, P. and Payette, T. and Pistone, M. and Stecker, K. and Zhang, B.M. and others},
  journal={Proceedings of the National Academy of Sciences},
  volume={100},
  number={10},
  pages={5974--5979},
  year={2003},
  publisher={National Acad Sciences}
}

@article{bueno2004dtp,
  title={{A diagnostic test for prostate cancer from gene expression profiling data}},
  author={Bueno, R. and Loughlin, K.R. and Powell, M.H. and Gordon, G.J.},
  journal={J Urol},
  volume={171},
  number={2},
  pages={903--6},
  year={2004}
}



@article{PMID_14871811,
  author  = "Amatschek, S and Koenig, U and Auer, H and Steinlein, P and Pacher, M and Gruenfelder, A and Dekan, G and Vogl, S and Kubista, E and Heider, KH and Stratowa, C and Schreiber, M and Sommergruber, W",
  title   = "{Tissue-wide expression profiling using cDNA subtraction and microarrays to identify tumor-specific genes.}",
  year    = "2004",
  journal = "Cancer Res",
  volume  = "64",
  number  = "3",
  pages   = "844-56"
}  

@article{PMID_12933571,
  author  = "Savage, KJ and Monti, S and Kutok, JL and Cattoretti, G and Neuberg, D and De Leval, L and Kurtin, P and Dal Cin, P and Ladd, C and Feuerhake, F and Aguiar, RC and Li, S and Salles, G and Berger, F and Jing, W and Pinkus, GS and Habermann, T and Dalla-Favera, R and Harris, NL and Aster, JC and Golub, TR and Shipp, MA",
  title   = "{The molecular signature of mediastinal large B-cell lymphoma differs from that of other diffuse large B-cell lymphomas and shares features with classical Hodgkin lymphoma.}",
  year    = "2003",
  journal = "Blood",
  volume  = "102",
  number  = "12",
  pages   = "3871-9"
}  

@article{yeang2001mcm,
  title={{Molecular classification of multiple tumor types}},
  author={Yeang, C.H. and Ramaswamy, S. and Tamayo, P. and Mukherjee, S. and Rifkin, R.M. and Angelo, M. and Reich, M. and Lander, E. and Mesirov, J. and Golub, T.},
  journal={Bioinformatics},
  volume={17},
  number={Suppl 1},
  pages={S316--S322},
  year={2001}
}


@article{tusher2001sam,
  title={{Significance analysis of microarrays applied to the ionizing radiation response}},
  author={Tusher, V.G. and Tibshirani, R. and Chu, G.},
  journal={Proceedings of the National Academy of Sciences},
  volume={98},
  number={9},
  pages={5116--5121},
  year={2001},
  publisher={National Acad Sciences}
}

@article{efron2001eba,
  title={{Empirical Bayes Analysis of a Microarray Experiment.}},
  author={Efron, B. and Tibshirani, R. and Storey, J.D. and Tusher, V.},
  journal={Journal of the American Statistical Association},
  volume={96},
  number={456},
  pages={1151--1161},
  year={2001},
  publisher={American Statistical Association}
}


@article{troyanskaya2002nmi,
  title={{Nonparametric methods for identifying differentially expressed genes in microarray data}},
  author={Troyanskaya, O.G. and Garber, M.E. and Brown, P.O. and Botstein, D. and Altman, R.B.},
  journal={Bioinformatics},
  volume={18},
  number={11},
  pages={1454--1461},
  year={2002}
}


@article{park2001nsa,
  title={{A nonparametric scoring algorithm for identifying informative genes from microarray data.}},
  author={Park, PJ and Pagano, M. and Bonetti, M.},
  journal={Pac Symp Biocomput},
  volume={52},
  pages={63},
  year={2001}
}


@article{dettling2002scg,
  title={{Supervised clustering of genes}},
  author={Dettling, M. and Buhlmann, P.},
  journal={Genome Biology},
  volume={3},
  number={12},
  pages={1--0069},
  year={2002}
}


@article{cui2003std,
  title={{Statistical tests for differential expression in cDNA microarray experiments}},
  author={Cui, X. and Churchill, G.A.},
  journal={Genome Biol},
  volume={4},
  number={4},
  pages={210},
  year={2003}
}


@article{kerr2000avg,
  title={{Analysis of Variance for Gene Expression Microarray Data}},
  author={Kerr, M.K. and Martin, M. and Churchill, G.A.},
  journal={Journal of Computational Biology},
  volume={7},
  number={6},
  pages={819--837},
  year={2000}
}

@article{lee2002mmg,
  title={{Models for microarray gene expression data}},
  author={Lee, M.L.T. and Lu, W. and Whitmore, GA and Beier, D.},
  journal={Journal of Biopharmaceutical Statistics},
  volume={12},
  number={1},
  pages={1--19},
  year={2002},
  publisher={Taylor \& Francis}
}

@article{yang2003sma,
  title={{Statistical Methods for Analyzing Microarray Feature Data with Replications}},
  author={Yang, Y. and Hoh, J. and Broger, C. and Neeb, M. and Edington, J. and Lindpaintner, K. and Ott, J.},
  journal={Journal of Computational Biology},
  volume={10},
  number={2},
  pages={157--169},
  year={2003}
}


@article{dempster1977mli,
  title={{Maximum likelihoodfrom incomplete data via the EM algorithm}},
  author={Dempster, A.P. and Laird, N.M. and Rubin, D.B.},
  journal={J. Royal Statistical Society B},
  volume={39},
  pages={1--38},
  year={1977}
}

@book{cover1991eit,
  title={{Elements of information theory}},
  author={Cover, T.M. and Thomas, J.A.},
  year={1991},
  publisher={Wiley New York}
}

@article{koller1996tof,
  title={{Toward optimal feature selection}},
  author={Koller, D. and Sahami, M.},
  journal={International Conference on Machine Learning},
  volume={1996},
  year={1996}
}



@article{PMID_14571374,
  author  = "Liu, H and Li, J and Wong, L",
  title   = "{A comparative study on feature selection and classification methods using gene expression profiles and proteomic patterns.}",
  year    = "2002",
  journal = "Genome Inform",
  volume  = "13",
  number  = "",
  pages   = "51-60"
}  

@article{ruczinski2004eih,
  title={{Exploring interactions in high-dimensional genomic data: an overview of Logic Regression, with applications}},
  author={Ruczinski, I. and Kooperberg, C. and L LeBlanc, M.},
  journal={Journal of Multivariate Analysis},
  volume={90},
  number={1},
  pages={178--195},
  year={2004},
  publisher={Elsevier}
}



@article{PMID_12384549,
  author  = "Nagayama, S and Katagiri, T and Tsunoda, T and Hosaka, T and Nakashima, Y and Araki, N and Kusuzaki, K and Nakayama, T and Tsuboyama, T and Nakamura, T and Imamura, M and Nakamura, Y and Toguchida, J",
  title   = "{Genome-wide analysis of gene expression in synovial sarcomas using a cDNA microarray.}",
  year    = "2002",
  journal = "Cancer Res",
  volume  = "62",
  number  = "20",
  pages   = "5859-66"
}  
