% Microarray background
@article{PMID_9915498,
  author  = "Brown, PO and Botstein, D",
  title   = "{Exploring the new world of the genome with DNA microarrays.}",
  year    = "1999",
  journal = "Nat Genet",
  volume  = "21",
  number  = "1 Suppl",
  pages   = "33-7"
}  

% XXX
@article{PMID_17456239,
  author  = "Clark, TA and Schweitzer, AC and Chen, TX and Staples, MK and Lu, G and Wang, H and Williams, A and Blume, JE",
  title   = "{Discovery of tissue-specific exons using comprehensive human exon microarrays.}",
  year    = "2007",
  journal = "Genome Biol",
  volume  = "8",
  number  = "4",
  pages   = "R64"
}  

% Microarray background
@article{PMID_8197176,
  author  = "Pease, AC and Solas, D and Sullivan, EJ and Cronin, MT and Holmes, CP and Fodor, SP",
  title   = "{Light-generated oligonucleotide arrays for rapid DNA sequence analysis.}",
  year    = "1994",
  journal = "Proc Natl Acad Sci U S A",
  volume  = "91",
  number  = "11",
  pages   = "5022-6"
}  

% Microarray background - Human Genome
@article{PMID_11181995,
  author  = "Venter, JC and Adams, MD and Myers, EW and Li, PW and Mural, RJ and Sutton, GG and Smith, HO and Yandell, M and Evans, CA and Holt, RA and Gocayne, JD and Amanatides, P and Ballew, RM and Huson, DH and Wortman, JR and Zhang, Q and Kodira, CD and Zheng, XH and Chen, L and Skupski, M and Subramanian, G and Thomas, PD and Zhang, J and Gabor Miklos, GL and Nelson, C and Broder, S and Clark, AG and Nadeau, J and McKusick, VA and Zinder, N and Levine, AJ and Roberts, RJ and Simon, M and Slayman, C and Hunkapiller, M and Bolanos, R and Delcher, A and Dew, I and Fasulo, D and Flanigan, M and Florea, L and Halpern, A and Hannenhalli, S and Kravitz, S and Levy, S and Mobarry, C and Reinert, K and Remington, K and Abu-Threideh, J and Beasley, E and Biddick, K and Bonazzi, V and Brandon, R and Cargill, M and Chandramouliswaran, I and Charlab, R and Chaturvedi, K and Deng, Z and Di Francesco, V and Dunn, P and Eilbeck, K and Evangelista, C and Gabrielian, AE and Gan, W and Ge, W and Gong, F and Gu, Z and Guan, P and Heiman, TJ and Higgins, ME and Ji, RR and Ke, Z and Ketchum, KA and Lai, Z and Lei, Y and Li, Z and Li, J and Liang, Y and Lin, X and Lu, F and Merkulov, GV and Milshina, N and Moore, HM and Naik, AK and Narayan, VA and Neelam, B and Nusskern, D and Rusch, DB and Salzberg, S and Shao, W and Shue, B and Sun, J and Wang, Z and Wang, A and Wang, X and Wang, J and Wei, M and Wides, R and Xiao, C and Yan, C and Yao, A and Ye, J and Zhan, M and Zhang, W and Zhang, H and Zhao, Q and Zheng, L and Zhong, F and Zhong, W and Zhu, S and Zhao, S and Gilbert, D and Baumhueter, S and Spier, G and Carter, C and Cravchik, A and Woodage, T and Ali, F and An, H and Awe, A and Baldwin, D and Baden, H and Barnstead, M and Barrow, I and Beeson, K and Busam, D and Carver, A and Center, A and Cheng, ML and Curry, L and Danaher, S and Davenport, L and Desilets, R and Dietz, S and Dodson, K and Doup, L and Ferriera, S and Garg, N and Gluecksmann, A and Hart, B and Haynes, J and Haynes, C and Heiner, C and Hladun, S and Hostin, D and Houck, J and Howland, T and Ibegwam, C and Johnson, J and Kalush, F and Kline, L and Koduru, S and Love, A and Mann, F and May, D and McCawley, S and McIntosh, T and McMullen, I and Moy, M and Moy, L and Murphy, B and Nelson, K and Pfannkoch, C and Pratts, E and Puri, V and Qureshi, H and Reardon, M and Rodriguez, R and Rogers, YH and Romblad, D and Ruhfel, B and Scott, R and Sitter, C and Smallwood, M and Stewart, E and Strong, R and Suh, E and Thomas, R and Tint, NN and Tse, S and Vech, C and Wang, G and Wetter, J and Williams, S and Williams, M and Windsor, S and Winn-Deen, E and Wolfe, K and Zaveri, J and Zaveri, K and Abril, JF and Guigó, R and Campbell, MJ and Sjolander, KV and Karlak, B and Kejariwal, A and Mi, H and Lazareva, B and Hatton, T and Narechania, A and Diemer, K and Muruganujan, A and Guo, N and Sato, S and Bafna, V and Istrail, S and Lippert, R and Schwartz, R and Walenz, B and Yooseph, S and Allen, D and Basu, A and Baxendale, J and Blick, L and Caminha, M and Carnes-Stine, J and Caulk, P and Chiang, YH and Coyne, M and Dahlke, C and Mays, A and Dombroski, M and Donnelly, M and Ely, D and Esparham, S and Fosler, C and Gire, H and Glanowski, S and Glasser, K and Glodek, A and Gorokhov, M and Graham, K and Gropman, B and Harris, M and Heil, J and Henderson, S and Hoover, J and Jennings, D and Jordan, C and Jordan, J and Kasha, J and Kagan, L and Kraft, C and Levitsky, A and Lewis, M and Liu, X and Lopez, J and Ma, D and Majoros, W and McDaniel, J and Murphy, S and Newman, M and Nguyen, T and Nguyen, N and Nodell, M and Pan, S and Peck, J and Peterson, M and Rowe, W and Sanders, R and Scott, J and Simpson, M and Smith, T and Sprague, A and Stockwell, T and Turner, R and Venter, E and Wang, M and Wen, M and Wu, D and Wu, M and Xia, A and Zandieh, A and Zhu, X",
  title   = "{The sequence of the human genome.}",
  year    = "2001",
  journal = "Science",
  volume  = "291",
  number  = "5507",
  pages   = "1304-51"
}  

% XXX
@article{PMID_10835600,
  author  = "Brenner, S and Johnson, M and Bridgham, J and Golda, G and Lloyd, DH and Johnson, D and Luo, S and McCurdy, S and Foy, M and Ewan, M and Roth, R and George, D and Eletr, S and Albrecht, G and Vermaas, E and Williams, SR and Moon, K and Burcham, T and Pallas, M and DuBridge, RB and Kirchner, J and Fearon, K and Mao, J and Corcoran, K",
  title   = "{Gene expression analysis by massively parallel signature sequencing (MPSS) on microbead arrays.}",
  year    = "2000",
  journal = "Nat Biotechnol",
  volume  = "18",
  number  = "6",
  pages   = "630-4"
}  

% XXX
@article{PMID_16432521,
  author  = "Bailey, SN and Ali, SM and Carpenter, AE and Higgins, CO and Sabatini, DM",
  title   = "{Microarrays of lentiviruses for gene function screens in immortalized and primary cells.}",
  year    = "2006",
  journal = "Nat Methods",
  volume  = "3",
  number  = "2",
  pages   = "117-22"
}  

% XXX
@article{PMID_15273396,
  author  = "Sebat, J and Lakshmi, B and Troge, J and Alexander, J and Young, J and Lundin, P and Månér, S and Massa, H and Walker, M and Chi, M and Navin, N and Lucito, R and Healy, J and Hicks, J and Ye, K and Reiner, A and Gilliam, TC and Trask, B and Patterson, N and Zetterberg, A and Wigler, M",
  title   = "{Large-scale copy number polymorphism in the human genome.}",
  year    = "2004",
  journal = "Science",
  volume  = "305",
  number  = "5683",
  pages   = "525-8"
}  

% Microarray applications - clinical, cancer
@article{PMID_11553815,
  author  = "Sørlie, T and Perou, CM and Tibshirani, R and Aas, T and Geisler, S and Johnsen, H and Hastie, T and Eisen, MB and van de Rijn, M and Jeffrey, SS and Thorsen, T and Quist, H and Matese, JC and Brown, PO and Botstein, D and Eystein Lønning, P and Børresen-Dale, AL",
  title   = "{Gene expression patterns of breast carcinomas distinguish tumor subclasses with clinical implications.}",
  year    = "2001",
  journal = "Proc Natl Acad Sci U S A",
  volume  = "98",
  number  = "19",
  pages   = "10869-74"
}  

% XXX
@article{PMID_10471496,
  author  = "Pollack, JR and Perou, CM and Alizadeh, AA and Eisen, MB and Pergamenschikov, A and Williams, CF and Jeffrey, SS and Botstein, D and Brown, PO",
  title   = "{Genome-wide analysis of DNA copy-number changes using cDNA microarrays.}",
  year    = "1999",
  journal = "Nat Genet",
  volume  = "23",
  number  = "1",
  pages   = "41-6"
}  

% Microarray background
@article{PMID_9915496,
  author  = "Lipshutz, RJ and Fodor, SP and Gingeras, TR and Lockhart, DJ",
  title   = "{High density synthetic oligonucleotide arrays.}",
  year    = "1999",
  journal = "Nat Genet",
  volume  = "21",
  number  = "1 Suppl",
  pages   = "20-4"
}  

% Microarray background
@article{PMID_1990438,
  author  = "Fodor, SP and Read, JL and Pirrung, MC and Stryer, L and Lu, AT and Solas, D",
  title   = "{Light-directed, spatially addressable parallel chemical synthesis.}",
  year    = "1991",
  journal = "Science",
  volume  = "251",
  number  = "4995",
  pages   = "767-73"
}  

% Microarray applications - methylation
@article{PMID_11779841,
  author  = "Gitan, RS and Shi, H and Chen, CM and Yan, PS and Huang, TH",
  title   = "{Methylation-specific oligonucleotide microarray: a new potential for high-throughput methylation analysis.}",
  year    = "2002",
  journal = "Genome Res",
  volume  = "12",
  number  = "1",
  pages   = "158-64"
}  

% Microarray applications - SNP, genotyping
@article{PMID_11691856,
  author  = "Cutler, DJ and Zwick, ME and Carrasquillo, MM and Yohn, CT and Tobin, KP and Kashuk, C and Mathews, DJ and Shah, NA and Eichler, EE and Warrington, JA and Chakravarti, A",
  title   = "{High-throughput variation detection and genotyping using microarrays.}",
  year    = "2001",
  journal = "Genome Res",
  volume  = "11",
  number  = "11",
  pages   = "1913-25"
}  

% Microarray applications - SNP, genotyping, haplotype blocks
@article{PMID_11721056,
  author  = "Patil, N and Berno, AJ and Hinds, DA and Barrett, WA and Doshi, JM and Hacker, CR and Kautzer, CR and Lee, DH and Marjoribanks, C and McDonough, DP and Nguyen, BT and Norris, MC and Sheehan, JB and Shen, N and Stern, D and Stokowski, RP and Thomas, DJ and Trulson, MO and Vyas, KR and Frazer, KA and Fodor, SP and Cox, DR",
  title   = "{Blocks of limited haplotype diversity revealed by high-resolution scanning of human chromosome 21.}",
  year    = "2001",
  journal = "Science",
  volume  = "294",
  number  = "5547",
  pages   = "1719-23"
}  

% Next-gen sequencing
@article{PMID_16056220,
  author  = "Margulies, M and Egholm, M and Altman, WE and Attiya, S and Bader, JS and Bemben, LA and Berka, J and Braverman, MS and Chen, YJ and Chen, Z and Dewell, SB and Du, L and Fierro, JM and Gomes, XV and Godwin, BC and He, W and Helgesen, S and Ho, CH and Ho, CH and Irzyk, GP and Jando, SC and Alenquer, ML and Jarvie, TP and Jirage, KB and Kim, JB and Knight, JR and Lanza, JR and Leamon, JH and Lefkowitz, SM and Lei, M and Li, J and Lohman, KL and Lu, H and Makhijani, VB and McDade, KE and McKenna, MP and Myers, EW and Nickerson, E and Nobile, JR and Plant, R and Puc, BP and Ronan, MT and Roth, GT and Sarkis, GJ and Simons, JF and Simpson, JW and Srinivasan, M and Tartaro, KR and Tomasz, A and Vogt, KA and Volkmer, GA and Wang, SH and Wang, Y and Weiner, MP and Yu, P and Begley, RF and Rothberg, JM",
  title   = "{Genome sequencing in microfabricated high-density picolitre reactors.}",
  year    = "2005",
  journal = "Nature",
  volume  = "437",
  number  = "7057",
  pages   = "376-80"
}  

% Microarray applications - clinical, cancer
@article{PMID_11823860,
  author  = "van 't Veer, LJ and Dai, H and van de Vijver, MJ and He, YD and Hart, AA and Mao, M and Peterse, HL and van der Kooy, K and Marton, MJ and Witteveen, AT and Schreiber, GJ and Kerkhoven, RM and Roberts, C and Linsley, PS and Bernards, R and Friend, SH",
  title   = "{Gene expression profiling predicts clinical outcome of breast cancer.}",
  year    = "2002",
  journal = "Nature",
  volume  = "415",
  number  = "6871",
  pages   = "530-6"
}  

% Microarray applications - SNP, genotyping
@article{PMID_15838508,
  author  = "Gunderson, KL and Steemers, FJ and Lee, G and Mendoza, LG and Chee, MS",
  title   = "{A genome-wide scalable SNP genotyping assay using microarray technology.}",
  year    = "2005",
  journal = "Nat Genet",
  volume  = "37",
  number  = "5",
  pages   = "549-54"
}  

% Microarray applications - clinical, cancer
@article{PMID_17585334,
  author  = "Sotiriou, C and Piccart, MJ",
  title   = "{Taking gene-expression profiling to the clinic: when will molecular signatures become relevant to patient care?}",
  year    = "2007",
  journal = "Nat Rev Cancer",
  volume  = "7",
  number  = "7",
  pages   = "545-53"
}  

% Microarray applications - SNP, genotyping
@article{PMID_14993208,
  author  = "Matsuzaki, H and Loi, H and Dong, S and Tsai, YY and Fang, J and Law, J and Di, X and Liu, WM and Yang, G and Liu, G and Huang, J and Kennedy, GC and Ryder, TB and Marcus, GA and Walsh, PS and Shriver, MD and Puck, JM and Jones, KW and Mei, R",
  title   = "{Parallel genotyping of over 10,000 SNPs using a one-primer assay on a high-density oligonucleotide array.}",
  year    = "2004",
  journal = "Genome Res",
  volume  = "14",
  number  = "3",
  pages   = "414-25"
}  

% Normalization - software
@article{PMID_14960456,
  author  = "Gautier, L and Cope, L and Bolstad, BM and Irizarry, RA",
  title   = "{affy--analysis of Affymetrix GeneChip data at the probe level.}",
  year    = "2004",
  journal = "Bioinformatics",
  volume  = "20",
  number  = "3",
  pages   = "307-15"
}  

% Normalization - dChip / liwong
@article{PMID_11532216,
  author  = "Li, C and Hung Wong, W",
  title   = "{Model-based analysis of oligonucleotide arrays: model validation, design issues and standard error application.}",
  year    = "2001",
  journal = "Genome Biol",
  volume  = "2",
  number  = "8",
  pages   = "RESEARCH0032"
}  

% Normalization - RMA
@article{PMID_12582260,
  author  = "Irizarry, RA and Bolstad, BM and Collin, F and Cope, LM and Hobbs, B and Speed, TP",
  title   = "{Summaries of Affymetrix GeneChip probe level data.}",
  year    = "2003",
  journal = "Nucleic Acids Res",
  volume  = "31",
  number  = "4",
  pages   = "e15"
}  

% Normalization - survey
@article{PMID_16942624,
  author  = "Seo, J and Hoffman, EP",
  title   = "{Probe set algorithms: is there a rational best bet?}",
  year    = "2006",
  journal = "BMC Bioinformatics",
  volume  = "7",
  number  = "",
  pages   = "395"
}  

% Normalization - survey
@article{PMID_12538238,
  author  = "Bolstad, BM and Irizarry, RA and Astrand, M and Speed, TP",
  title   = "{A comparison of normalization methods for high density oligonucleotide array data based on variance and bias.}",
  year    = "2003",
  journal = "Bioinformatics",
  volume  = "19",
  number  = "2",
  pages   = "185-93"
}  

% Normalization - VSN
@article{PMID_12169536,
  author  = "Huber, W and von Heydebreck, A and Sültmann, H and Poustka, A and Vingron, M",
  title   = "{Variance stabilization applied to microarray data calibration and to the quantification of differential expression.}",
  year    = "2002",
  journal = "Bioinformatics",
  volume  = "18 Suppl 1",
  number  = "",
  pages   = "S96-104"
}  

% Microarray - software
@article{PMID_15461798,
  author  = "Gentleman, RC and Carey, VJ and Bates, DM and Bolstad, B and Dettling, M and Dudoit, S and Ellis, B and Gautier, L and Ge, Y and Gentry, J and Hornik, K and Hothorn, T and Huber, W and Iacus, S and Irizarry, R and Leisch, F and Li, C and Maechler, M and Rossini, AJ and Sawitzki, G and Smith, C and Smyth, G and Tierney, L and Yang, JY and Zhang, J",
  title   = "{Bioconductor: open software development for computational biology and bioinformatics.}",
  year    = "2004",
  journal = "Genome Biol",
  volume  = "5",
  number  = "10",
  pages   = "R80"
}  

% Perl - software
@article{PMID_12368254,
  author  = "Stajich, JE and Block, D and Boulez, K and Brenner, SE and Chervitz, SA and Dagdigian, C and Fuellen, G and Gilbert, JG and Korf, I and Lapp, H and Lehväslaiho, H and Matsalla, C and Mungall, CJ and Osborne, BI and Pocock, MR and Schattner, P and Senger, M and Stein, LD and Stupka, E and Wilkinson, MD and Birney, E",
  title   = "{The Bioperl toolkit: Perl modules for the life sciences.}",
  year    = "2002",
  journal = "Genome Res",
  volume  = "12",
  number  = "10",
  pages   = "1611-8"
}  

% Database - software
@article{PMID_17646315,
  author  = "Mungall, CJ and Emmert, DB",
  title   = "{A Chado case study: an ontology-based modular schema for representing genome-associated biological information.}",
  year    = "2007",
  journal = "Bioinformatics",
  volume  = "23",
  number  = "13",
  pages   = "i337-46"
}  

% Web - software
@article{PMID_11667947,
  author  = "Dowell, RD and Jokerst, RM and Day, A and Eddy, SR and Stein, L",
  title   = "{The distributed annotation system.}",
  year    = "2001",
  journal = "BMC Bioinformatics",
  volume  = "2",
  number  = "",
  pages   = "7"
}  
