% Software - horizontal scalability
@article{arlitt2001,
  author  = "Arlitt, M and Krishnamurthy, D and Rolia, J",
  title   = "{Characterizing the scalability of a large web-based shopping system}",
  year    = "2001",
  journal = "ACM Trans Inter Tech",
  volume  = "1",
  number  = "1",
  pages   = "44-69"
}

% Software - horizontal scalability
@book{schlossnagle2006,
  author    = "Schlossnagle, T",
  title     = "{Scalable Internet Architectures}",
  year      = "2006",
  publisher = "Sams"
}

% Software - rpm
@book{bailey1997,
  author    = "Bailey, EC",
  title     = "{Maximum RPM}",
  year      = "1997",
  publisher = "Sams"
}

% Software - clusters
@article{papadopoulos2003,
  author  = "Papadopoulos, PM and Katz, MJ and Bruno, G",
  title   = "{NPACI Rocks: tools and techniques for easily deploying manageable Linux clusters}",
  year    = "2003",
  journal = {Concurrency and Computation: Practice and Experience},
  volume  = "15",
  number  = "7-8",
  pages   = "707-725",
}

@unpublished{postgresql,
  author  = "URL",
  title   = "PostgreSQL Project Homepage",
  year    = "",
  note    = "http://www.postgresql.org/"
}

@unpublished{puppet,
  author  = "URL",
  title   = "puppet - Trac",
  year    = "",
  note    = "http://reductivelabs.com/trac/puppet"
}

@unpublished{genenetwork,
  author = "URL",
  title  = "Weighted Gene Co-Expression Networks",
  year   = "",
  note   = "http://www.genetics.ucla.edu/labs/horvath/GeneralFramework/"
}

@article{nation,
  author  = "Stein, LD",
  title   = "Creating a bioinformatics nation",
  year    = "2002",
  journal = "Nature",
  volume  = "417",
  pages   = "119-120"
}

@book{kimball2004,
  author    = "Kimball, R and Caserta, J",
  title     = "The Data Warehouse ETL Toolkit: Practical Techniques for Extracting, Cleaning, Conforming, and Delivering Data",
  year      = "2004",
  publisher = "Wiley"
}
@techreport{affy2002,
  key          = {Affymetrix (2002)},
  author       = {Affymetrix},
  title        = {Statistical Algorithms Description Document},
  organization = {Affymetrix},
  institution  = {Affymetrix},
  year         = 2002      
} 

@book{wit2004,
  author = "Wit, E and McClure, J",
  title = "Statistics for Microarrays",
  year = "2004",
  publisher = "Wiley"
}

