@article{PMID_12728276,
  author  = "Stein, LD",
  title   = "{Integrating biological databases.}",
  year    = "2003",
  journal = "Nat Rev Genet",
  volume  = "4",
  number  = "5",
  pages   = "337-45"
}

@article{PMID_12788546,
  author  = "Navarro, JD and Niranjan, V and Peri, S and Jonnalagadda, CK and Pandey, A",
  title   = "{From biological databases to platforms for biomedical discovery.}",
  year    = "2003",
  journal = "Trends Biotechnol",
  volume  = "21",
  number  = "6",
  pages   = "263-8"
}

@article{PMID_11465030,
  author  = "Schönbach, C and Kowalski-Saunders, P and Brusic, V",
  title   = "{Data warehousing in molecular biology.}",
  year    = "2000",
  journal = "Brief Bioinform",
  volume  = "1",
  number  = "2",
  pages   = "190-8"
}

@article{PMID_8891960,
  author  = "Robbins, RJ",
  title   = "{Bioinformatics: essential infrastructure for global biology.}",
  year    = "1996",
  journal = "J Comput Biol",
  volume  = "3",
  number  = "3",
  pages   = "465-78"
}

@article{PMID_15975226,
  author  = "Neerincx, PB and Leunissen, JA",
  title   = "{Evolution of web services in bioinformatics.}",
  year    = "2005",
  journal = "Brief Bioinform",
  volume  = "6",
  number  = "2",
  pages   = "178-88"
}

@article{PMID_7692819,
  author  = "Völkl, P and Huber, R and Drobner, E and Rachel, R and Burggraf, S and Trincone, A and Stetter, KO",
  title   = "{Pyrobaculum aerophilum sp. nov., a novel nitrate-reducing hyperthermophilic archaeum.}",
  year    = "1993",
  journal = "Appl Environ Microbiol",
  volume  = "59",
  number  = "9",
  pages   = "2918-26"
}

@article{PMID_15848038,
  author  = "Li, WF and Zhou, XX and Lu, P",
  title   = "{Structural features of thermozymes.}",
  year    = "2005",
  journal = "Biotechnol Adv",
  volume  = "23",
  number  = "4",
  pages   = "271-81"
}

@article{PMID_11577980,
  author  = "Kumar, S and Nussinov, R",
  title   = "{How do thermophilic proteins deal with heat?}",
  year    = "2001",
  journal = "Cell Mol Life Sci",
  volume  = "58",
  number  = "9",
  pages   = "1216-33"
}

@article{PMID_11256505,
  author  = "Sterner, R and Liebl, W",
  title   = "{Thermophilic adaptation of proteins.}",
  year    = "2001",
  journal = "Crit Rev Biochem Mol Biol",
  volume  = "36",
  number  = "1",
  pages   = "39-106"
}

@article{PMID_9843981,
  author  = "Eisen, MB and Spellman, PT and Brown, PO and Botstein, D",
  title   = "{Cluster analysis and display of genome-wide expression patterns.}",
  year    = "1998",
  journal = "Proc Natl Acad Sci U S A",
  volume  = "95",
  number  = "25",
  pages   = "14863-8"
}

@article{PMID_10376671,
  author  = "Stetter, KO",
  title   = "{Extremophiles and their adaptation to hot environments.}",
  year    = "1999",
  journal = "FEBS Lett",
  volume  = "452",
  number  = "1-2",
  pages   = "22-5"
}

@article{thompson1999tel,
  title={{Transproteomic Evidence of a Loop-Deletion Mechanism for Enhancing Protein Thermostability}},
  author={Thompson, MJ and Eisenberg, D.},
  journal={Journal of Molecular Biology},
  volume={290},
  number={2},
  pages={595--604},
  year={1999},
  publisher={Academic Press}
}

@article{brock1969tag,
  title={{Thermus aquaticus gen. n. and sp. n., a Nonsporulating Extreme Thermophile}},
  author={Brock, T.D. and Freeze, H.},
  journal={Journal of Bacteriology},
  volume={98},
  number={1},
  pages={289--297},
  year={1969},
  publisher={Am Soc Microbiol}
}

@article{schleper1995pgn,
  title={{Picrophilus gen. nov., fam. nov.: a novel aerobic, heterotrophic, thermoacidophilic genus and family comprising archaea capable of growth around pH 0}},
  author={Schleper, C. and Puehler, G. and Holz, I. and Gambacorta, A. and Janekovic, D. and Santarius, U. and Klenk, HP and Zillig, W.},
  journal={Journal of Bacteriology},
  volume={177},
  number={24},
  pages={7050--7059},
  year={1995},
  publisher={Am Soc Microbiol}
}

@article{horikoshi1999asa,
  title={{Alkaliphiles: Some Applications of Their Products for Biotechnology}},
  author={Horikoshi, K.},
  journal={Microbiology and Molecular Biology Reviews},
  volume={63},
  number={4},
  pages={735--750},
  year={1999},
  publisher={Am Soc Microbiol}
}

@article{Yayanos1995,
  title={{Microbiology to 10,500 meters in the deep sea}},
  author={Yayanos, AA},
  journal={Annual review of microbiology},
  volume={49},
  pages={777--805},
  year={1995}
}

@article{kashefi2003eut,
  title={{Extending the Upper Temperature Limit for Life}},
  author={Kashefi, K. and Lovley, D.R.},
  year={2003},
  journal={Science},
  volume={301},
  number={5635},
  pages={934}
}


@article{blochl1997pfg,
  title={{Pyrolobus fumarii, gen. and sp. nov., represents a novel group of archaea, extending the upper temperature limit for life to 113° C}},
  author={Bl{\"o}chl, E. and Rachel, R. and Burggraf, S. and Hafenbradl, D. and Jannasch, H.W. and Stetter, K.O.},
  journal={Extremophiles},
  volume={1},
  number={1},
  pages={14--21},
  year={1997},
  publisher={Springer}
}

@article{razvi2006lst,
  title={{Lessons in stability from thermophilic proteins}},
  author={Razvi, A. and Scholtz, J.M.},
  journal={Protein Science},
  volume={15},
  number={7},
  pages={1569},
  year={2006},
  publisher={Cold Spring Harbor Lab}
}

@article{becktel1987psc,
  title={{Protein stability curves}},
  author={Becktel, W.J. and Schellman, JA},
  journal={Biopolymers},
  volume={26},
  number={11},
  pages={1859--77},
  year={1987}
}

@article{Razvi_ref_Russell_1990,
  title={{A comparison of thermal adaptation of membrane lipids in psychrophilic and thermophilic bacteria.}},
  author={Russell, NJ and Fukunaga, N.},
  journal={FEMS Microbiology Reviews. 1990.},
  year={1990}
}

@article{Razvi_Nojima_1977,
  title={{Reversible thermal unfolding of thermostable phosphoglycerate kinase. Thermostability associated with mean zero enthalpy change.}},
  author={Nojima, H. and Ikai, A. and Oshima, T. and Noda, H.},
  journal={J Mol Biol},
  volume={116},
  number={3},
  pages={429--42},
  year={1977}
}

@article{beeby_31,
  title={{Ion pairs and the thermotolerance of proteins from hyperthermophiles: a" traffic rule" for hot roads.}},
  author={Karshikoff, A. and Ladenstein, R.},
  journal={Trends Biochem Sci},
  volume={26},
  number={9},
  pages={550--6},
  year={2001}
}

@article{beeby_29,
  title={{Structure of a hyperthermophilic tungstopterin enzyme, aldehyde ferredoxin oxidoreductase}},
  author={Chan, MK and Mukund, S. and Kletzin, A. and Adams, MW and Rees, DC},
  journal={Science},
  volume={267},
  number={5203},
  pages={1463},
  year={1995}
}

@article{chakravarty2002efr,
  title={{Elucidation of factors responsible for enhanced thermal stability of proteins: a structural genomics based study}},
  author={Chakravarty, S. and Varadarajan, R.},
  journal={Biochemistry},
  volume={41},
  number={25},
  pages={8152--61},
  year={2002}
}

@article{vieille2001hes,
  title={{Hyperthermophilic Enzymes: Sources, Uses, and Molecular Mechanisms for Thermostability}},
  author={Vieille, C. and Zeikus, G.J.},
  journal={Microbiology and Molecular Biology Reviews},
  volume={65},
  number={1},
  pages={1--43},
  year={2001},
  publisher={Am Soc Microbiol}
}

@article{jaenicke1998spe,
  title={{The stability of proteins in extreme environments.}},
  author={Jaenicke, R. and Bohm, G.},
  journal={Curr Opin Struct Biol},
  volume={8},
  number={6},
  pages={738--48},
  year={1998}
}

@article{petsko2001sbt,
  title={{Structural basis of thermostability in hyperthermophilic proteins, or" there's more than one way to skin a cat".}},
  author={Petsko, GA},
  journal={Methods Enzymol},
  volume={334},
  pages={469--78},
  year={2001}
}

@article{rees1995hth,
  title={{Hyperthermophiles: taking the heat and loving it.}},
  author={Rees, DC and Adams, MW},
  journal={Structure},
  volume={3},
  number={3},
  pages={251--4},
  year={1995}
}

@article{carvalho2005sad,
  title={{Similarities and differences in the thioredoxin superfamily.}},
  author={Carvalho, AP and Fernandes, PA and Ramos, MJ},
  journal={Prog Biophys Mol Biol},
  year={2005}
}


@article{PMID_10097079,
  author  = "Haney, PJ and Badger, JH and Buldak, GL and Reich, CI and Woese, CR and Olsen, GJ",
  title   = "{Thermal adaptation analyzed by comparison of protein sequences from mesophilic and extremely thermophilic Methanococcus species.}",
  year    = "1999",
  journal = "Proc Natl Acad Sci U S A",
  volume  = "96",
  number  = "7",
  pages   = "3578-83"
}

@article{beeby2005gdb,
  title={{The genomics of disulfide bonding and protein stabilization in thermophiles}},
  author={Beeby, M. and O'Connor, B.D. and Ryttersgaard, C. and Boutz, D.R. and Perry, L.J. and Yeates, T.O.},
  journal={PLoS Biol},
  volume={3},
  number={9},
  pages={e309},
  year={2005}
}

@article{mallick2002gei,
  title={{Genomic evidence that the intracellular proteins of archaeal microbes contain disulfide bonds}},
  author={Mallick, P. and Boutz, D.R. and Eisenberg, D. and Yeates, T.O.},
  journal={Proceedings of the National Academy of Sciences},
  volume={99},
  number={15},
  pages={9679--9684},
  year={2002},
  publisher={National Acad Sciences}
}

@article{toth2000sal,
  title={{The structure of adenylosuccinate lyase, an enzyme with dual activity in the de novo purine biosynthetic pathway.}},
  author={Toth, EA and Yeates, TO},
  journal={Structure Fold Des},
  volume={8},
  number={2},
  pages={163--74},
  year={2000}
}

@article{jiang1996sai,
  title={{Structure and importance of the dimerization domain in elongation factor Ts from Thermus thermophilus}},
  author={Jiang, Y. and Nock, S. and Nesper, M. and Sprinzl, M. and Sigler, P.B.},
  journal={Biochemistry},
  volume={35},
  number={32},
  pages={10269--10278},
  year={1996}
}

@article{maes1999cst,
  title={{The Crystal Structure of Triosephosphate Isomerase(TIM) From Thermotoga maritima: A Comparative Thermostability Structural Analysis of Ten Different TIM Structures}},
  author={Maes, D. and Zeelen, J.P. and Thanki, N. and Beaucamp, N. and Alvarez, M. and Thi, M.H.D. and Backmann, J. and Martial, J.A. and Wyns, L. and Jaenicke, R. and others},
  journal={Proteins Structure Function and Genetics},
  volume={37},
  number={3},
  pages={441--453},
  year={1999}
}

@article{dedecker1996csh,
  title={{The crystal structure of a hyperthermophilic archaeal TATA-box binding protein}},
  author={DeDecker, B.S. and O'Brien, R. and Fleming, P.J. and Geiger, J.H. and Jackson, S.P. and Sigler, P.B.},
  journal={Journal of Molecular Biology},
  volume={264},
  number={5},
  pages={1072--1084},
  year={1996}
}

@article{chiu2001csn,
  title={{Crystal Structures of a Novel Ferric Reductase from the Hyperthermophilic Archaeon Archaeoglobus fulgidus and Its Complex with NADP}},
  author={Chiu, H.J. and Johnson, E. and Schr{\"o}der, I. and Rees, D.C.},
  journal={Structure},
  volume={9},
  pages={311--319},
  year={2001}
}

@article{meyer2002hpt,
  title={{A hyperthermophilic plant-type [2Fe-2S] ferredoxin from Aquifex aeolicus is stabilized by a disulfide bond}},
  author={Meyer, J. and Clay, M.D. and Johnson, M.K. and Stubna, A. and Munck, E. and Higgins, C. and Wittung-Stafshede, P.},
  journal={Biochemistry},
  volume={41},
  number={9},
  pages={3096--3108},
  year={2002}
}

@article{karshikoff1994ept,
  title={{Electrostatic properties of two porin channels from Escherichia coli.}},
  author={Karshikoff, A. and Spassov, V. and Cowan, SW and Ladenstein, R. and Schirmer, T.},
  journal={J Mol Biol},
  volume={240},
  number={4},
  pages={372--84},
  year={1994}
}

@article{ladenstein2006pda,
  title={{Protein disulfides and protein disulfide oxidoreductases in hyperthermophiles}},
  author={Ladenstein, R. and Ren, B.},
  journal={FEBS Journal},
  volume={273},
  number={18},
  pages={4170},
  year={2006},
  publisher={FEBS}
}

@article{bjork2004lit,
  title={{Large improvement in the thermal stability of a tetrameric malate dehydrogenase by single point mutations at the dimer-dimer interface.}},
  author={Bjork, A. and Dalhus, B. and Mantzilas, D. and Sirevag, R. and Eijsink, VG},
  journal={J Mol Biol},
  volume={341},
  number={5},
  pages={1215--26},
  year={2004}
}

@article{darby1995cmd,
  title={{Catalytic Mechanism of DsbA and Its Comparison with That of Protein Disulfide Isomerase}},
  author={Darby, N.J. and Creighton, T.E.},
  journal={Biochemistry},
  volume={34},
  number={11},
  pages={3576--3587},
  year={1995},
  publisher={American Chemical Society}
}

@article{guagliardi1994tet,
  title={{A thioredoxin from the extreme thermophilic archaeon Sulfolobus solfataricus}},
  author={Guagliardi, A. and Nobile, V. and Bartolucci, S. and Rossi, M.},
  journal={International Journal of Biochemistry \& Cell Biology},
  volume={26},
  number={3},
  pages={375--380},
  year={1994}
}

@article{pigiet1986tcr,
  title={{Thioredoxin-Catalyzed Refolding of Disulfide-Containing Proteins}},
  author={Pigiet, V.P. and Schuster, B.J.},
  journal={Proceedings of the National Academy of Sciences},
  volume={83},
  number={20},
  pages={7643--7647},
  year={1986},
  publisher={National Acad Sciences}
}

@article{bardwell1991ipr,
  title={{Identification of a protein required for disulfide bond formation in vivo.}},
  author={Bardwell, J.C.A. and McGovern, K. and Beckwith, J.},
  journal={Cell},
  volume={67},
  number={3},
  pages={581--589},
  year={1991}
}

@article{szilagyi2000sdb,
  title={{Structural differences between mesophilic, moderately thermophilic and extremely thermophilic protein subunits: results of a comprehensive survey}},
  author={Szilagyi, A. and Zavodszky, P.},
  journal={Structure},
  volume={8},
  number={5},
  pages={493--504},
  year={2000},
  publisher={Elsevier Science}
}

@article{privalov1979sps,
  title={{Stability of proteins: small globular proteins.}},
  author={Privalov, PL},
  journal={Adv Protein Chem},
  volume={33},
  pages={167--241},
  year={1979}
}

@article{myers1995dmv,
  title={{Denaturant m values and heat capacity changes: Relation to changes in accessible surface areas of protein unfolding}},
  author={MYERS, JK},
  journal={Protein Science},
  volume={4},
  number={10},
  pages={2138--2148},
  year={1995},
  publisher={Cold Spring Harbor Lab}
}


@article{PMID_10940293,
  author  = "Cambillau, C and Claverie, JM",
  title   = "{Structural and genomic correlates of hyperthermostability.}",
  year    = "2000",
  journal = "J Biol Chem",
  volume  = "275",
  number  = "42",
  pages   = "32383-6"
}

@article{karlstrom2005idh,
  title={{Isocitrate dehydrogenase from the hyperthermophile Aeropyrum pernix: X-ray structure analysis of a ternary enzyme-substrate complex and thermal stability.}},
  author={Karlstrom, M. and Stokke, R. and Steen, IH and Birkeland, NK and Ladenstein, R.},
  journal={J Mol Biol},
  volume={345},
  number={3},
  pages={559--77},
  year={2005}
}

@phdthesis{boutz_thesis,
  title={{Structural Studies of Intracellular Disulfide Bonding as a Novel Stabilizing Mechanism in Proteins from Hyperthermophilic Microbes.}},
  author={Boutz, D.},
  school={UCLA},
  year={2006}
}

@article{pace1997mcs,
  title={{Measuring the conformational stability of a protein}},
  author={Pace, C.N. and Shirley, BA and Thomson, JA},
  journal={Protein structure: A practical approach},
  volume={2},
  pages={299--321},
  year={1997}
}


@article{brazma2001mim,
  title={{Minimum information about a microarray experiment (MIAME)-toward standards for microarray data}},
  author={Brazma, A. and Hingamp, P. and Quackenbush, J. and Sherlock, G. and Spellman, P. and Stoeckert, C. and Aach, J. and Ansorge, W. and Ball, C.A. and Causton, H.C. and others},
  journal={Nat Genet},
  volume={29},
  number={4},
  pages={365--71},
  year={2001}
}

@article{stoeckert2003mof,
  title={{The MGED ontology: a framework for describing functional genomics experiments}},
  author={Stoeckert, C.J. and Parkinson, H.},
  journal={Comparative and Functional Genomics},
  volume={4},
  number={1},
  pages={127--132},
  year={2003}
}

@article{ashburner2000got,
  title={{Gene ontology: tool for the unification of biology. The Gene Ontology Consortium.}},
  author={Ashburner, M. and Ball, CA and Blake, JA and Botstein, D. and Butler, H. and Cherry, JM and Davis, AP and Dolinski, K. and Dwight, SS and Eppig, JT and others},
  journal={Nat Genet},
  volume={25},
  number={1},
  pages={25--9},
  year={2000}
}

@article{eilbeck2006sot,
  title={{The Sequence Ontology: a tool for the unification of genome annotations}},
  author={Eilbeck, K. and Lewis, S.E. and Mungall, C.J. and Yandell, M. and Stein, L. and Durbin, R. and Ashburner, M.},
  journal={feedback},
  year={2006}
}


@misc{stajich2002btp,
  title={{The Bioperl Toolkit: Perl Modules for the Life Sciences}},
  author={Stajich, J.E. and Block, D. and Boulez, K. and Brenner, S.E. and Chervitz, S.A. and Dagdigian, C. and Fuellen, G. and Gilbert, J.G.R. and Korf, I. and Lapp, H. and others},
  year={2002},
  publisher={Cold Spring Harbor Lab}
}


@article{dowell2004das,
  title={{The Distributed Annotation System}},
  author={Dowell, R.D. and Jokerst, R.M. and Day, A. and Eddy, S.R. and Stein, L.},
  journal={feedback},
  year={2004}
}


@misc{stein2002ggb,
  title={{The Generic Genome Browser: A Building Block for a Model Organism System Database}},
  author={Stein, L.D. and Mungall, C. and Shu, S.Q. and Caudy, M. and Mangone, M. and Day, A. and Nickerson, E. and Stajich, J.E. and Harris, T.W. and Arva, A. and others},
  year={2002},
  publisher={Cold Spring Harbor Lab}
}


@article{gentleman2006bos,
  title={{Bioconductor: open software development for computational biology and bioinformatics}},
  author={Gentleman, R.C. and Carey, V.J. and Bates, D.M. and Bolstad, B. and Dettling, M. and Dudoit, S. and Ellis, B. and Gautier, L. and Ge, Y. and Gentry, J. and others},
  journal={feedback},
  year={2006}
}


@misc{bessette1999efp,
  title={{Efficient folding of proteins with multiple disulfide bonds in the Escherichia coli cytoplasm}},
  author={Bessette, P.H. and Aslund, F. and Beckwith, J. and Georgiou, G.},
  year={1999},
  publisher={National Acad Sciences}
}


@misc{masip2004epf,
  title={{An Engineered Pathway for the Formation of Protein Disulfide Bonds}},
  author={Masip, L. and Pan, J.L. and Haldar, S. and Penner-Hahn, J.E. and DeLisa, M.P. and Georgiou, G. and Bardwell, J.C.A. and Collet, J.F.},
  year={2004},
  publisher={American Association for the Advancement of Science}
}

@article{forterre2002hsc,
  title={{A hot story from comparative genomics: reverse gyrase is the only hyperthermophile-specific protein.}},
  author={Forterre, P.},
  journal={Trends Genet},
  volume={18},
  number={5},
  pages={236--7},
  year={2002}
}


@article{makarova102pgd,
  title={{Potential genomic determinants of hyperthermophily}},
  author={Makarova, K.S. and Wolf, Y.I. and Koonin, E.V.},
  journal={Clin. Immunol},
  volume={102},
  pages={436--442}
}


