% Normalization - RMA
@article{rma,
  author  = "Irizarry, RA and Bolstad, BM and Collin, F and Cope, LM and Hobbs, B and Speed, TP",
  title   = "{Summaries of Affymetrix GeneChip probe level data.}",
  year    = "2003",
  journal = "Nucleic Acids Res",
  volume  = "31", 
  number  = "4",
  pages   = "e15"
}  
% Microarray - software - Bioconductor
@article{bioconductor,
  author  = "Gentleman, RC and Carey, VJ and Bates, DM and Bolstad, B and Dettling, M and Dudoit, S and Ellis, B and Gautier, L and Ge, Y and Gentry, J and Hornik, K and Hothorn, T and Huber, W and Iacus, S and Irizarry, R and Leisch, F and Li, C and Maechler, M and Rossini, AJ and Sawitzki, G and Smith, C and Smyth, G and Tierney, L and Yang, JY and Zhang, J",
  title   = "{Bioconductor: open software development for computational biology and bioinformatics.}",
  year    = "2004",
  journal = "Genome Biol",
  volume  = "5",
  number  = "10",
  pages   = "R80"
}
% Celsius
@article{celsius,
  author  = "Day, A and Carlson, MR and Dong, J and O'Connor, BD and Nelson, SF",
  title   = "{Celsius: a community resource for Affymetrix microarray data.}",
  year    = "2007",
  journal = "Genome Biol",
  volume  = "8",
  number  = "6",
  pages   = "R112"
}  
% NetAffx
@article{netaffx,
  author  = "Liu, G and Loraine, AE and Shigeta, R and Cline, M and Cheng, J and Valmeekam, V and Sun, S and Kulp, D and Siani-Rose, MA",
  title   = "{NetAffx: Affymetrix probesets and annotations.}",
  year    = "2003",
  journal = "Nucleic Acids Res",
  volume  = "31",
  number  = "1",
  pages   = "82-6"
}  
@article{funari,
  author  = "Funari, VA and Day, A and Krakow, D and Cohn, ZA and Chen, Z and Nelson, SF and Cohn, DH",
  title   = "{Cartilage-selective genes identified in genome-scale analysis of non-cartilage and cartilage gene expression.}",
  year    = "2007",
  journal = "BMC Genomics",
  volume  = "8",
  number  = "",
  pages   = "165"
}  
@article{karolchik,
  author  = "Karolchik, D and Kuhn, RM and Baertsch, R and Barber, GP and Clawson, H and Diekhans, M and Giardine, B and Harte, RA and Hinrichs, AS and Hsu, F and Kober, KM and Miller, W and Pedersen, JS and Pohl, A and Raney, BJ and Rhead, B and Rosenbloom, KR and Smith, KE and Stanke, M and Thakkapallayil, A and Trumbower, H and Wang, T and Zweig, AS and Haussler, D and Kent, WJ",
  title   = "{The UCSC Genome Browser Database: 2008 update.}",
  year    = "2008",
  journal = "Nucleic Acids Res",
  volume  = "36",
  number  = "Database issue",
  pages   = "D773-9"
}  
@article{go,
  author  = "Harris, MA and Clark, J and Ireland, A and Lomax, J and Ashburner, M and Foulger, R and Eilbeck, K and Lewis, S and Marshall, B and Mungall, C and Richter, J and Rubin, GM and Blake, JA and Bult, C and Dolan, M and Drabkin, H and Eppig, JT and Hill, DP and Ni, L and Ringwald, M and Balakrishnan, R and Cherry, JM and Christie, KR and Costanzo, MC and Dwight, SS and Engel, S and Fisk, DG and Hirschman, JE and Hong, EL and Nash, RS and Sethuraman, A and Theesfeld, CL and Botstein, D and Dolinski, K and Feierbach, B and Berardini, T and Mundodi, S and Rhee, SY and Apweiler, R and Barrell, D and Camon, E and Dimmer, E and Lee, V and Chisholm, R and Gaudet, P and Kibbe, W and Kishore, R and Schwarz, EM and Sternberg, P and Gwinn, M and Hannick, L and Wortman, J and Berriman, M and Wood, V and de la Cruz, N and Tonellato, P and Jaiswal, P and Seigfried, T and White, R",
  title   = "{The Gene Ontology (GO) database and informatics resource.}",
  year    = "2004",
  journal = "Nucleic Acids Res",
  volume  = "32",
  number  = "Database issue",
  pages   = "D258-61"
}
@article{microcephaly,
  author  = "Jackson, AP and McHale, DP and Campbell, DA and Jafri, H and Rashid, Y and Mannan, J and Karbani, G and Corry, P and Levene, MI and Mueller, RF and Markham, AF and Lench, NJ and Woods, CG",
  title   = "{Primary autosomal recessive microcephaly (MCPH1) maps to chromosome 8p22-pter.}",
  year    = "1998",
  journal = "Am J Hum Genet",
  volume  = "63",
  number  = "2",
  pages   = "541-6"
}  
@article{joubert,
  author  = "Valente, EM and Brancati, F and Dallapiccola, B",
  title   = "{Genotypes and phenotypes of Joubert syndrome and related disorders.}",
  year    = "0",
  journal = "Eur J Med Genet",
  volume  = "51",
  number  = "1",
  pages   = "1-23"
}  
@article{JBTS3,
  author  = "Utsch, B and Sayer, JA and Attanasio, M and Pereira, RR and Eccles, M and Hennies, HC and Otto, EA and Hildebrandt, F",
  title   = "{Identification of the first AHI1 gene mutations in nephronophthisis-associated Joubert syndrome.}",
  year    = "2006",
  journal = "Pediatr Nephrol",
  volume  = "21",
  number  = "1",
  pages   = "32-5"
}  
@article{JBTS4,
  author  = "Parisi, MA and Bennett, CL and Eckert, ML and Dobyns, WB and Gleeson, JG and Shaw, DW and McDonald, R and Eddy, A and Chance, PF and Glass, IA",
  title   = "{The NPHP1 gene deletion associated with juvenile nephronophthisis is present in a subset of individuals with Joubert syndrome.}",
  year    = "2004",
  journal = "Am J Hum Genet",
  volume  = "75",
  number  = "1",
  pages   = "82-91"
}  
@article{JBTS5,
  author  = "Valente, EM and Silhavy, JL and Brancati, F and Barrano, G and Krishnaswami, SR and Castori, M and Lancaster, MA and Boltshauser, E and Boccone, L and Al-Gazali, L and Fazzi, E and Signorini, S and Louie, CM and Bellacchio, E and Bertini, E and Dallapiccola, B and Gleeson, JG",
  title   = "{Mutations in CEP290, which encodes a centrosomal protein, cause pleiotropic forms of Joubert syndrome.}",
  year    = "2006",
  journal = "Nat Genet",
  volume  = "38",
  number  = "6",
  pages   = "623-5"
}  
@article{JBTS6,
  author  = "Baala, L and Romano, S and Khaddour, R and Saunier, S and Smith, UM and Audollent, S and Ozilou, C and Faivre, L and Laurent, N and Foliguet, B and Munnich, A and Lyonnet, S and Salomon, R and Encha-Razavi, F and Gubler, MC and Boddaert, N and de Lonlay, P and Johnson, CA and Vekemans, M and Antignac, C and Attie-Bitach, T",
  title   = "{The Meckel-Gruber syndrome gene, MKS3, is mutated in Joubert syndrome.}",
  year    = "2007",
  journal = "Am J Hum Genet",
  volume  = "80",
  number  = "1",
  pages   = "186-94"
}  
@article{JBTS7,
  author  = "Delous, M and Baala, L and Salomon, R and Laclef, C and Vierkotten, J and Tory, K and Golzio, C and Lacoste, T and Besse, L and Ozilou, C and Moutkine, I and Hellman, NE and Anselme, I and Silbermann, F and Vesque, C and Gerhardt, C and Rattenberry, E and Wolf, MT and Gubler, MC and Martinovic, J and Encha-Razavi, F and Boddaert, N and Gonzales, M and Macher, MA and Nivet, H and Champion, G and Berthélémé, JP and Niaudet, P and McDonald, F and Hildebrandt, F and Johnson, CA and Vekemans, M and Antignac, C and Rüther, U and Schneider-Maunoury, S and Attié-Bitach, T and Saunier, S",
  title   = "{The ciliary gene RPGRIP1L is mutated in cerebello-oculo-renal syndrome (Joubert syndrome type B) and Meckel syndrome.}",
  year    = "2007",
  journal = "Nat Genet",
  volume  = "39",
  number  = "7",
  pages   = "875-81"
}

@article{JBTS2A,
  author  = "Keeler, LC and Marsh, SE and Leeflang, EP and Woods, CG and Sztriha, L and Al-Gazali, L and Gururaj, A and Gleeson, JG",
  title   = "{Linkage analysis in families with Joubert syndrome plus oculo-renal involvement identifies the CORS2 locus on chromosome 11p12-q13.3.}",
  year    = "2003",
  journal = "Am J Hum Genet",
  volume  = "73",
  number  = "3",
  pages   = "656-62"
}  
@article{JBTS2B,
  author  = "Valente, EM and Salpietro, DC and Brancati, F and Bertini, E and Galluccio, T and Tortorella, G and Briuglia, S and Dallapiccola, B",
  title   = "{Description, nomenclature, and mapping of a novel cerebello-renal syndrome with the molar tooth malformation.}",
  year    = "2003",
  journal = "Am J Hum Genet",
  volume  = "73",
  number  = "3",
  pages   = "663-70"
}  
@article{JBTS2C,
  author  = "Valente, EM and Marsh, SE and Castori, M and Dixon-Salazar, T and Bertini, E and Al-Gazali, L and Messer, J and Barbot, C and Woods, CG and Boltshauser, E and Al-Tawari, AA and Salpietro, CD and Kayserili, H and Sztriha, L and Gribaa, M and Koenig, M and Dallapiccola, B and Gleeson, JG",
  title   = "{Distinguishing the four genetic causes of Jouberts syndrome-related disorders.}",
  year    = "2005",
  journal = "Ann Neurol",
  volume  = "57",
  number  = "4",
  pages   = "513-9"
}  
@article{JBTS1,
  author  = "Saar, K and Al-Gazali, L and Sztriha, L and Rueschendorf, F and Nur-E-Kamal, M and Reis, A and Bayoumi, R",
  title   = "{Homozygosity mapping in families with Joubert syndrome identifies a locus on chromosome 9q34.3 and evidence for genetic heterogeneity.}",
  year    = "1999",
  journal = "Am J Hum Genet",
  volume  = "65",
  number  = "6",
  pages   = "1666-71"
}  
@article{GNF,
  author  = "Su, AI and Wiltshire, T and Batalov, S and Lapp, H and Ching, KA and Block, D and Zhang, J and Soden, R and Hayakawa, M and Kreiman, G and Cooke, MP and Walker, JR and Hogenesch, JB",
  title   = "{A gene atlas of the mouse and human protein-encoding transcriptomes.}",
  year    = "2004",
  journal = "Proc Natl Acad Sci U S A",
  volume  = "101",
  number  = "16",
  pages   = "6062-7"
}  
@article{kim,
  author  = "Kim, SK and Lund, J and Kiraly, M and Duke, K and Jiang, M and Stuart, JM and Eizinger, A and Wylie, BN and Davidson, GS",
  title   = "{A gene expression map for Caenorhabditis elegans.}",
  year    = "2001",
  journal = "Science",
  volume  = "293",
  number  = "5537",
  pages   = "2087-92"
} 
